2654 4786
533 116 674 262 Lm
746 232 749 259 ,
1129 179 1175 251 n

28 370 116 434 nihil
139 376 279 445 curant,
300 351 423 449 sibisiue
436 360 525 450 ‚ipsuis
545 359 727 449 confiduhtg
747 344 856 444 impio
876 341 1033 424 fflaoia.
1061 350 1124 424 Iso.
1142 359 1174 440 4,

34 458 82 520 16.
106 459 141 522 ἐν
166 468 237 533 ταῖς
258 452 460 533 ἀλαζονείαις,
481 452 749 533 λειοῑίοιᾱὶοῒίηαε
770 452 887 533 impiae
908 453 1067 513 andaciae.
1091 468 1106 510 1
1129 445 1176 535 Io.
1228 489 1231 496 ·

31 565 50 607 1
57 594 69 625 ,
93 545 147 606 16.
180 540 381 627 ἡίιλαζονεία
400 543 455 606 not
473 544 562 626 βίου,
592 539 769 619 arrogantia
792 558 871 616 quae
896 542 930 601 in
957 539 1023 601 vita
1044 557 1176 617 compo-

31 632 138 695 nenda
173 630 237 691 Dei
256 630 340 713 leges
360 640 391 688 et
411 629 605 689 voluntatem
636 648 698 686 non
725 627 862 705 respicit.
894 625 966 688 vid.
988 624 1061 705 Sap.
1084 626 1122 700 5,
1143 627 1175 685 8.
1287 696 1291 707 Ι

33 738 92 795 17,
116 737 194 795 7..1
211 717 363 797 8111119,
386 720 414 777 8.
441 717 491 792 15,
510 715 538 774 6.
561 715 614 774 ubi
635 715 673 804 16
694 710 855 800 ἀλαζονείᾳ
876 711 1120 793 opponitur'pia
1138 709 1175 770 in

30 802 136 867 Deum
167 802 293 866 fidncia.
333 800 468 885 (Eodem
495 809 588 862 sensu
615 799 698 880 apud
719 810 840 859 nostros
861 802 1029 880 scriptores
1050 795 1176 881 saepius
1277 860 1283 871 ,

31 892 151 975 legitur
170 885 374 975 ὑπερηφανία.
404 888 494 950 Suid.
515 887 691 964 ἀλαζονεία·
710 882 927 971 ὑπερηφανία.)
950 892 977 949 *.
1065 942 1068 949 .
1117 913 1121 921 ·

10 1006 19 1091 7
111 986 300 1070 Ἀλαζῶν,
330 987 414 1070 όνος,
444 985 543 1075 timi,
567 994 620 1074 (ab
642 985 719 1072 λ’λη,
740 989 761 1048 i.
784 1010 810 1050 e.
831 986 868 1054 td
890 991 1013 1070 vagari,
1035 1010 1062 1057 ε,
1083 986 1177 1049 obsi·-

10 1086 122 1160 ·rare)
146 1101 261 1161 propr.
279 1100 390 1160 vagus,
414 1080 583 1160 oberrens5
605 1104 648 1123 α
666 1080 854 1155 arrogans,
872 1079 1058 1157 gloriosus,
1083 1072 1176 1137 Rom.
1279 1122 1295 1153 x

41 1185 67 1242 1,
85 1169 141 1227 5ο.
166 1183 187 1226 1
210 1166 292 1228 Tim.
310 1168 339 1243 5,
363 1167 392 1226 5.
415 1177 448 1228 et
469 1167 504 1227 in
518 1165 554 1226 V.
568 1166 603 1225 T.
624 1162 702 1225 Heb.
724 1182 754 1241 2,
778 1166 807 1226 5.
828 1163 894 1229 Iob.
912 1168 964 1244 18,
984 1170 1013 1227 8.
1036 1162 1175 1245 (loseph.

10 1310 12 1323 ,
39 1264 97 1314 ant.
119 1255 154 1331 8,
177 1262 229 1314 10.
251 1255 281 1312 4.
302 1251 423 1329 ἀλαζών
446 1250 522 1338 ἀνὴρ
544 1252 596 1317 καί
617 1246 772 1336 ἀνόητος.)
795 1254 823 1320 *.
909 1294 912 1299 -

114 1351 342 1433 Ἀλαλοίζω,
367 1356 425 1417 fut.
451 1349 526 1434 οίξω,
557 1358 610 1438 (ab
632 1350 735 1421 ἆλαλοί
757 1377 781 1421 1.
803 1348 921 1441 ἆλαλῆ,
948 1376 1015 1419 vox
1037 1354 1176 1419 militnm
1253 1380 1258 1403 -¹

43 1464 130 1524 quam
161 1445 315 1503 emittunt
343 1465 479 1525 pugnam
508 1443 638 1519 inituri,
674 1444 794 1503 clamor
820 1464 951 1523 magnus
979 1442 1109 1526 quivis.)
1131 1475 1177 1492 -

21 1528 120 1591 ‘LXX'
142 1551 206 1611 pro
227 1539 313 1615 ξὶηιζν
335 1565 376 1577 -
403 1535 439 1609 1)
458 1528 628 1608 elamorem
644 1530 813 1591 militarem
830 1530 903 1607 edo,
925 1528 1061 1613 (Ioseph.
1078 1527 1107 1606 6,·
1125 1550 1178 1592 1ο.

44 1614 134 1677 ludio.
161 1618 213 1693 15,
238 1618 287 1675 14.
307 1614 426 1698 loseph.
445 1618 512 1679 ent'
532 1619 562 1695 5,
580 1617 609 1677 6.
634 1619 662 1677 5.
684 1618 726 1678 ib.
748 1615 779 1695 6,
800 1637 830 1697 9.
853 1617 901 1694 5.)
921 1632 963 1664 -’-
987 1622 1024 1696 1)
1046 1615 1177 1677 clamo.

47 1716 109 1763 rem
129 1722 296 1781 magnum
316 1701 398 1786 edo3
421 1704 476 1785 (de
496 1706 581 1765 laeto
605 1705 761 1781 clamore,
785 1704 831 1768 Ps's
856 1705 916 1781 47,
942 1728 967 1765 1.
990 1704 1101 1787 66,31.
1124 1707 1178 1785 81,
1308 1742 1313 1763 .

51 1809 71 1849 1.
96 1788 217 1852 iudith.
243 1791 300 1868 14,
324 1792 386 1872 9.);
411 1825 456 1837 -
485 1793 523 1853 de
552 1793 637 1854 tristi
662 1792 816 1853 clamore:
853 1789 962 1862 eiulo,
998 1791 1179 1867 lamentor,

49 1877 135 1937 Mete.
159 1877 199 1955 5,
219 1876 274 1939 58.
303 1888 335 1939 et
359 1877 471 1939 eodem
491 1900 585 1940 sensu
603 1879 651 1940 bis
672 1879 708 1937 in
730 1876 766 1938 V.
789 1876 826 1937 T.
854 1898 912 1956 pro
937 1873 1021 1963 5³th
1038 1878 1104 1940 'len
1124 1878 1178 1957 25,
1209 1954 1211 1958 .

54 1965 98 2029 54.
115 1966 173 2041 47,
197 1966 228 2023 i.
251 1994 292 2010 -
320 1983 333 2023 1
361 1962 432 2025 Cor.
457 1966 513 2044 15,
536 1986 564 2028 1.
591 1960 748 2051 κύμβαλον
768 1957 948 2049 ἀλαλάζον,
963 1964 1089 2028 fortiter
1110 1966 1178 2031 tin·-v

56 2050 146 2125 nius,
170 2051 375 2138 sedpraeter
393 2074 506 2119 sonum
525 2073 642 2114 vanum
667 2052 752 2112 nihil
768 2051 916 2131 efficiens.
939 2051 965 2111 *.

22 2146 25 2151 ¹
122 2145 351 2237 Ἀλάλητος,
373 2178 425 2232 ου,
444 2150 477 2232 ὅ,
498 2153 592 2240 ἦρ·
608 2179 656 2233 ον,
685 2149 734 2230 τό,
758 2140 816 2235 (eir
838 2152 858 2217 ἆ
881 2153 963 2235 priv.
986 2163 1019 2215 et
1036 2147 1178 2239 λαλητός,

58 2238 146 2297 verbis
172 2242 432 2320 pronuntiatum,
460 2243 596 2321 dictum)
623 2240 735 2301 verbis
757 2263 780 2302 s.
802 2241 918 2321 lingua
939 2261 1008 2300 non
1024 2263 1178 2324 pronun»,

19 2354 22 2365 =
49 2324 164 2470 ἔξαινες
189 2326 281 2388 Rom.
301 2331 338 2409 8,
358 2328 411 2390 16.
439 2330 599 2416 οτεναμμοί
618 2323 706 2407 itt).
726 2330 860 2413 suspirie
882 2349 962 2413 quae
982 2330 1088 2393 verbis
1109 2340 1177 2392 non

85 2424 228 2473 eruntur.

118 2511 303 2595 ’Ἀλαλος,
335 2541 388 2595 oo,
415 2516 450 2595 ὅ,
479 2512 554 2603 ’i‘
570 2534 621 2600 ον,
642 2502 696 2600 sti,
719 2520 777 2600 (ex
799 2516 819 2583 ἆ
841 2519 924 2602 priv.
946 2529 978 2581 et
998 2476 1105 2596 λοίλος,
1126 2519 1180 2580 lo-

48 2615 161 2676 quens,
181 2604 336 2684 garrulus)
359 2627 429 2665 non
451 2607 600 2687 loquens,
620 2624 747 2677 mattas,
770 2608 869 2690 (apud
887 2605 971 2667 LXX
991 2607 1038 2666 Ps.
1056 2609 1107 2683 58,
1128 2607 1178 2670 15.
1294 2648 1298 2669 «.

45 2683 96 2760 30,
116 2705 169 2745 22.
190 2691 245 2750 ubi
264 2696 432 2771 respondet
450 2694 538 2754 hebr.
557 2687 663 2776 Εξὲς).
692 2694 787 2755 Marc.
811 2712 839 2771 7,
861 2694 912 2772 57.
919 2738 929 2771 ,
948 2694 1004 2754 ubi
1025 2713 1103 2754 vero
1122 2695 1180 2757 alii

45 2771 83 2829 ob
102 2792 186 2833 vers.
209 2777 260 2835 51.
283 2775 443 2864 ,topadion
464 2779 655 2856 intelligunt.
678 2816 722 2826 —
747 2781 839 2843 Marc.
859 2798 889 2858 9,
914 2780 1181 2866 1711111179

43 2851 162 2923 ἄλαλον
181 2881 247 2923 non
272 2875 318 2923 est
340 2868 472 2927 daemon
491 2880 618 2925 mutum
631 2867 786 2948 facient,
816 2868 871 2928 sed
894 2867 1028 2929 daemon
1045 2868 1085 2927 ob
1104 2886 1181 2950 per-¹

44 2946 285 3008 tinaciem.non
301 2952 450 3035 loquens,
472 2955 556 3035 quod
573 2957 631 3013 alii
648 2958 814 3016 daemones
826 2956 930 3015 facere
947 2954 1090 3015 solebant
1100 2956 1181 3031 (vid.

10 3029 142 3121 Ι,λιίειια
170 3053 204 3108 1,
228 3039 278 3096 14.
300 3040 351 3102 54.
375 3041 412 3119 5,
433 3062 461 3119 7.
494 3042 565 3101 Luc.
590 3043 626 3117 4,
649 3043 700 3101 54.
730 3044 766 3117 8,
789 3041 871 3118 28.);
905 3061 998 3120 quare
1021 3041 1182 3120 singulare
1292 3086 1295 3111 .

10 3142 15 3207 '.
42 3137 140 3196 genus
170 3121 379 3205 doemonum,
416 3129 500 3209 quod
528 3129 620 3187 facile
649 3128 723 3187 eiici
753 3149 794 3187 ex
822 3129 950 3189 homino
981 3147 1046 3185 non
1072 3127 1182 3208 possit,

42 3207 228 3269 nominatur
248 3232 327 3271 vers.
351 3233 402 3294 29.
448 3212 535 3288 Quae
559 3206 805 3275 enim'homines
825 3208 1065 3298 δαιμονιζόμενον
1082 3213 1184 3276 facie-

42 3290 119 3351 bant
133 3295 188 3352 vel
208 3297 424 3377 loquebantur,
446 3323 483 3362 ee
503 3323 570 3361 non
592 3301 629 3359 ab
651 3302 736 3382 ipsis,
757 3303 813 3362 sed
833 3325 851 3363 a
873 3302 1026 3362 daemone
1042 3301 1182 3379 profecte

43 3379 240 3454 putabantur.
271 3384 339 3445 Vid.
362 3384 563 3467 potissimum
584 3387 692 3450 Matth.
713 3394 743 3467 8,
765 3407 807 3467 29
829 3410 895 3471 sqq.
919 3397 949 3449 et
969 3387 1009 3447 cf.
1032 3386 1107 3448 Luc.
1132 3408 1180 3464 11,
1199 3436 1204 3451 .

28 3467 97 3529 ,14.
131 3469 500 3555 Αοῑ.ΤΙιο111.6.11.*.

52 3592 57 3599 ·
121 3561 256 3648 υΑλας,
275 3569 329 3651 τό,
352 3577 448 3638 ἆαῐὶν.
467 3578 536 3660 (qui
556 3579 653 3638 semel
676 3578 713 3637 ir'1
733 3577 914 3658 seripturis,-
937 3575 1004 3636 Col.
1022 3575 1052 3653 4,
1069 3573 1109 3653 6.,
1131 3577 1182 3637 le·

49 3652 145 3758 gjtpr)
168 3651 274 3735 ἱίλαεο,
296 3662 366 3735 sal,
396 3685 455 3744 que
474 3667 536 3727 cibi
559 3666 758 3724 condiuntur.
801 3662 913 3724 Forma
940 3657 1017 3737 ίίλας
1038 3683 1098 3743 pro
1117 3656 1184 3741 ίίλς,

51 3748 137 3816 utor,
164 3766 229 3805 non
250 3749 312 3808 nisi
334 3749 470 3810 11511ὶό1
494 3753 529 3811 in
551 3752 714 3812 locutione
734 3744 824 3816 ἱίλοτο
844 3744 890 3816 ἱίοο
912 3760 1184 3826 commemoratur,

51 3826 233 3904 videturque
263 3838 484 3897 consuetudini
511 3840 597 3900 vitae
624 3840 798 3898 communis
824 3836 954 3919 proprie
974 3836 1079 3896 fuisse.
1117 3834 1185 3896 ,Le-

53 3911 146 4005 9111111
171 3913 281 3978 Metth.
305 3924 333 3998 5,
359 3924 408 3989 15.
432 3924 525 4005 Mero.
550 3946 580 4004 9,
602 3928 654 4005 49.
678 3926 729 3985 5ο.
753 3924 826 3984 Luc.
855 3928 905 4001 14,
929 3924 980 3984 54.
1002 3921 1105 4000 (LXX
1124 3942 1205 4003 pro·

54 4004 116 4083 οἷο,
143 3996 245 4058 Levit.
272 4023 308 4080 2,
335 4010 382 4068 15.
413 4009 504 4072 Dent·
532 4029 590 4089 19,
612 4013 663 4072 30.
696 4007 763 4072 Ind.
789 4029 829 4089 9,
848 4012 899 4072 45.
929 4027 950 4070 1
970 4007 1046 4088 Reg.
1072 4025 1109 4083 1,
1131 4025 1184 4081 11.

54 4076 159 4143 hzech.
182 4087 234 4161 45,
254 4095 307 4152 24.
326 4096 563 4169 47,-1151111.
583 4099 612 4173 4,
632 4098 680 4156 14.
704 4095 734 4172 6,
753 4099 798 4175 9.)
817 4131 860 4144 -
879 4094 1016 4177 metaph.
1034 4091 1098 4166 sal,
1119 4094 1141 4156 i.
1154 4086 1185 4155 e.

50 4172 162 4243 gracia
179 4172 216 4230 iet
237 4176 405 4254 sapientia
427 4181 460 4242 in
482 4184 658 4265 loquendo,
689 4179 807 4242 Coloss.
830 4186 867 4259 4,
893 4184 921 4244 6.
949 4181 1022 4244 coll.
1045 4179 1126 4260 Eph.
1152 4180 1186 4257 4,

51 4270 99 4331 29.
123 4266 156 4318 et
179 4258 276 4319 Mure·
292 4280 321 4338 9,
339 4264 388 4323 5ο.
411 4268 463 4328 ubi
487 4271 621 4350 apostoli
643 4268 794 4330 dicuntur
813 4264 848 4332 τὸ
867 4263 943 4344 ἅλας
963 4268 1017 4351 τῆς
1037 4268 1100 4350 γῆς,
1120 4265 1142 4324 ἱ·
1160 4286 1187 4326 0·

18 4350 24 4377 ¹
52 4340 180 4429 divinoe·
202 4345 366 4411 doctrinae
389 4351 530 4417 doctores
551 4356 676 4431 idonei,
699 4376 833 4436 quorum
855 4376 953 4438 opere
971 4353 1115 4416 homines
1135 4372 1186 4414 11·
