2654 4786
461 108 895 225 enar-'earo
1150 144 1216 227 '⁵53
1310 166 1312 173 ¹

88 333 210 406 vexati,
233 341 267 391 nt
286 329 475 409 ignominiae
490 316 621 408 'publice
642 349 844 407 exponamur.
873 331 937 390 Alii
955 332 1108 412 supplicia
1122 331 1215 412 igno-

88 421 226 478 miniosa
248 416 434 495 intelligunt.
456 416 535 475 Vide
558 416 700 493 Θέατρον.
776 460 782 471 .
994 494 997 499 ¹
1035 410 1039 415 ’

183 505 375 581 Θέατρον,
405 524 459 568 ου,
488 497 543 580 τό,
571 505 612 576 (a
636 501 717 570 θέα,
739 493 774 563 τό
796 510 957 581 spectare,
986 504 1215 586 spectaculum)

92 590 276 664 theatrum,¹
294 590 382 647 locus
404 586 651 665 spectaculorum
708 584 752 653 Ex
780 607 865 646 more
886 589 1074 650 Graecorum
1094 593 1132 650 ed
1153 593 1215 652 elia

91 679 204 751 etiam,
225 682 348 755 praeter
374 672 560 752 spectecule,
582 670 749 730 multitudo
771 673 805 731 in
827 672 955 733 theatris
977 667 1136 819 co'nquep'e
1161 699 1215 739 so·

88 758 198 831 lebat,
225 760 375 820 nimirum
396 757 437 817 ad
458 759 625 819 conciones
648 776 771 836 quoqne
794 758 982 835 audiendus,
1012 781 1050 820 ve
1084 782 1133 823 res
1154 784 1216 841 pu·

86 846 191 907 blica·
213 858 266 906 aut
289 863 395 902 causas
418 846 554 919 privatas
573 846 716 923 agendas.
748 845 803 919 (cf.
823 840 962 923 [taphal.
986 857 1092 908 annot.
1113 851 1216 910 aXe-

85 932 190 1011 noph.
211 928 328 1011 Kyplsii
350 937 381 989 et
398 927 528 989 Itrebsii
549 930 628 987 obas.
645 930 683 989 ed
705 931 773 987 Act.
797 946 843 1004 ι9,
861 944 912 1007 27.
936 932 1006 990 coll.
1025 931 1124 1011 Corn,
1136 935 1215 1017 Nep.

82 1016 210 1078 Timol.
225 1023 253 1074 4.
282 1015 347 1078 Cic.
363 1035 422 1093 pro
437 1012 547 1074 Flacco
571 1036 596 1073 c.
615 1029 643 1087 7.
667 1014 766 1072 'facit
780 1012 853 1072 hist.
869 1034 898 1088 2,
919 1017 970 1077 80.
989 1019 1017 1077 6.
1040 1017 1158 1100 loseph.
1176 1022 1215 1082 de

77 1105 167 1165 batt.
185 1123 214 1180 7,
235 1102 265 1162 3.
283 1101 314 1159 3.
344 1103 440 1181 antiq.
468 1116 516 1177 ι7,
543 1098 571 1159 6.
594 1097 641 1177 3.)
693 1098 776 1158 Hinc
794 1094 981 1181 intelligitur
1002 1108 1067 1163 Art.
1093 1118 1143 1184 19,
1164 1098 1214 1187 2³9¹.

75 1191 142 1250 ὅτ.
166 1223 207 1235 --
232 1187 268 1246 ln'
280 1187 438 1246 locutione
458 1201 561 1245 autern
578 1217 618 1230 -·
641 1182 672 1264 ν’)
690 1187 824 1268 θέατρον
837 1182 1029 1272 ἐγενήθημεν
1050 1193 1094 1272 τῷ
1114 1178 1233 1277 κόσμει)ο
1320 1237 1325 1245 .

87 1296 102 1336 1
129 1273 207 1336 Cor,
225 1276 254 1347 4,
278 1293 307 1349 9.
337 1273 475 1355 θέατρον
506 1281 551 1330 est
572 1271 592 1329 i.
608 1291 636 1347 q·
658 1273 775 1350 θέαμα,
796 1267 906 1351 δρᾶμα,
925 1270 1145 1355 spectaculum,
1168 1281 1217 1338 fa·

77 1362 187 1434 bula,
219 1368 253 1417 ut
281 1368 437 1416 nostrum:
467 1376 541 1414 snm
570 1355 764 1436 Sclrauspicl
787 1352 925 1419 werden.
969 1362 1032 1420 Atii
1052 1363 1113 1422 hoc
1133 1365 1216 1425 refe*-
1247 1402 1250 1409 ,

78 1445 226 1507 runt'ed
243 1442 475 1525 ignominiam,
491 1463 586 1524 quum
606 1444 641 1500 in
660 1442 821 1502 comoedia
837 1445 939 1522 prisca
948 1444 1138 1509 Graecorum
1156 1448 1216 1535 tio·-

82 1535 281 1592 mineatum
303 1532 445 1590 viventes
469 1548 694 1607 nonnunquam
717 1530 762 1587 ita
784 1529 1044 1610 depingerentur,
1069 1534 1111 1595 ‘ut
1126 1528 1217 1595 'iddi-

81 1619 164 1679 bric
184 1625 303 1689 essent,
335 1624 366 1675 ct
386 1613 464 1674 risui
487 1624 738 1695 exponerentur,
760 1615 817 1673 alii
837 1617 877 1675 ad
891 1617 1063 1697 ,supplicia
1085 1633 1117 1682 et
1129 1628 1218 1705 μεθ’·

86 1722 158 1765 nas
175 1701 412 1780 gravissimos,
443 1721 539 1781 quum
568 1719 608 1758 ex
635 1721 721 1759 more
741 1700 935 1761 Graecorum
958 1704 1045 1764 illius
1067 1711 1218 1787 temporis

84 1789 251 1868 supplicis
280 1789 372 1846 etiem
399 1788 434 1843 in
466 1787 594 1845 theatris
626 1797 838 1865 sumerentur,
870 1788 1218 1875 hominesque'cipitia

90 1873 253 1950 damnati,
287 1882 323 1933 ut
355 1892 425 1930 cum
450 1871 559 1952 ⁴bestiis
587 1870 816 1952 depugnarent,
850 1873 886 1931 in
916 1895 951 1935 ea
978 1876 1219 1941 deducerentur.

92 1960 149 2020 Sic
168 1957 313 2039 losephue
346 1956 385 2017 de
414 1957 487 2043 bell.
515 1955 552 2031 6,
578 1974 607 2034 9.
637 1974 666 2019 2.
689 1956 796 2017 'situm
837 1969 943 2019 narrat
976 1962 1131 2039 plurimos
1166 1967 1218 2024 lu·

93 2046 247 2107 dacorum
267 2043 406 2104 devictos
431 2063 486 2122 per
507 2043 681 2123 pforincies
702 2044 1011 2129 distribuiiuasisse,
1033 2048 1067 2106 in
1090 2046 1220 2115 theatris
1289 2061 1294 2068 '

94 2132 184 2215 §erro
205 2142 236 2190 et
256 2132 362 2191 bestiis
388 2128 612 2205 consumendos
642 2127 910 2211 (φθαρησομένους
938 2132 972 2195 ἒν
993 2141 1055 2207 τοῖς
1070 2130 1220 2219 θεάτροις

96 2212 212 2300 ’σιδήρῳ
234 2214 286 2283 καὶ
309 2216 455 2297 θηρίοις).
500 2212 582 2273 [dem
605 2233 631 2272 c.
653 2215 764 2294 Apion.
792 2216 874 2290 1,‘8.
896 2222 1049 2295 παντοίων
1068 2217 1220 2293 θανάτοιν

99 2301 230 2387 τρόπους
249 2301 282 2365 ἒν
299 2297 443 2380 θεάτροις
465 2293 669 2379 ὑπομένοντες.
705 2296 795 2359 Philo
815 2300 849 2358 in
871 2299 972 2367 Flecc.
994 2325 1024 2380 p.
1041 2323 1113 2382 977.
1149 2308 1221 2387 Vi'd.

99 2391 228 2449 omnino
256 2385 416 2444 Loesncri
444 2386 520 2444 obss.
553 2405 570 2445 e
596 2384 675 2444 Phil.
706 2404 736 2463 p.
762 2386 822 2462 275
847 2406 890 2467 pq.
930 2388 1089 2471 Carpzon.
1114 2413 1220 2461 escrae

102 2476 276 2535 exercitatt.
295 2475 330 2531 in
353 2474 441 2551 epist.
460 2472 500 2529 ud
524 2469 616 2534 Hebr.
639 2492 670 2552 p.
693 2472 765 2530 485.
787 2505 829 2516 -
860 2472 988 2552 Spectat
1006 2479 1148 2542 nostrum
1170 2482 1223 2540 ld'-

99 2578 169 2621 cum
200 2560 301 2638 glossa
322 2555 470 2634 Hesych.:
492 2557 640 2632 θέατρον·
659 2551 797 2637 θέαμαῆ
819 2548 963 2643 σύναμμα.
985 2565 1011 2621 *.
1158 2638 1161 2643 .

73 2654 80 2663 '
192 2650 330 2715 Θεῑον,
362 2666 415 2715 ου,
445 2635 495 2712 τό,
525 2640 669 2721 sulphur.
699 2643 748 2702 Ps.
774 2661 829 2713 ιι,
856 2643 947 2704 6.-
968 2647 1028 2726 arip
1047 2648 1099 2713 sai
1118 2650 1221 2726 θεῖον,

73 2728 182 2790 ¹²ianis
204 2729 404 2811 sulphureus,
436 2726 505 2786 Luc.
534 2746 588 2807 17,
611 2745 662 2806 29.
693 2730 789 2810 Apoc.
816 2729 870 2804 14,
901 2751 946 2789 ιο.
976 2731 1069 2810 (Gen.
1095 2752 1150 2813 ιη,
1170 2740 1222 2797 94,

92 2780 214 2878 dzech.
230 2817 280 2889 38,
296 2832 346 2873 εν.
369 2811 501 2873 ὅΜεεε.
515 2833 543 2888 2,
563 2813 608 2891 5.)
655 2813 726 2874 Non
745 2815 846 2873 solnm
867 2816 997 2876 fulmina
1010 2818 1137 2879 odorem
1156 2825 1223 2881 sul.

91 2903 215 2985 phuris
234 2908 397 2978 spargunt,
425 2909 460 2957 ut
480 2901 559 2981 ignis
580 2898 769 2976 sulphureus
791 2919 859 2958 esee
878 2901 971 2961 facile
994 2902 1095 2961 videri
1115 2896 1223 2984 possit,

85 2990 152 3050 esd
177 2992 269 3046 etiam
292 2987 326 3044 in
349 2985 484 3043 motibus
506 2994 607 3042 terrae
629 3004 718 3065 saepe
741 3004 945 3063 prorumpere
966 2986 1046 3045 solet
1068 3000 1121 3049 aut
1144 2992 1223 3071 ignis

86 3085 154 3136 eut
184 3092 284 3151 vapor
304 3069 502 3150 sulphureus.
523 3103 565 3114 -
593 3066 683 3148 λίμνη
711 3072 766 3133 τοῦ
793 3065 890 3149 πυρὸς
916 3070 968 3135 καὶ
991 3073 1107 3149 θείου,
1130 3076 1223 3156 Apoc.

85 3178 152 3234 no,
181 3175 229 3218 ιο.
252 3158 273 3215 i.
289 3177 330 3225 e.,
358 3162 392 3213 ut
412 3174 437 3217 c.
462 3173 515 3228 19.
539 3173 588 3214 20.
612 3165 643 3213 at
665 3173 722 3226 21,
752 3159 781 3218 8.
804 3154 936 3233 dicitur,
966 3154 1055 3239 λίμνη
1079 3166 1223 3247 καιομένη

84 3243 177 3329 πυρὶ
203 3241 253 3305 καὶ
280 3244 370 3322 θείῳ.
391 3272 431 3283 -
463 3239 555 3317 Apoc·
580 3259 617 3318 9,
649 3258 698 3315 17·
727 3245 773 3300 18.
802 3234 917 3315 κάννας
939 3242 995 3306 ead
1010 3245 1103 3310 θεῖον
1125 3269 1224 3327 vapor

85 3329 305 3409 sulphureus,
329 3348 354 3385 ε.
381 3326 484 3384 fumus
506 3326 557 3383 cui
576 3327 779 3387 intermixtae
799 3336 872 3387 sunt
891 3328 1068 3391 flammulae
1090 3333 1225 3413 sulphuss
1310 3324 1316 3349 ⁹

89 3437 184 3481 reae.
213 3415 298 3493 (per.
314 3412 424 3471 Thorn.
445 3418 472 3489 §.
490 3409 555 3487 53.)
575 3415 600 3469 *.

192 3504 322 3574 Θεῖος,
343 3500 407 3570 eia,
429 3504 507 3572 εῖον,
528 3500 562 3574 (ιι
580 3491 675 3572 θεός)
698 3494 852 3568 divinus,
874 3498 913 3558 ed
933 3499 1035 3560 Deum
1055 3504 1226 3582 pertinens,
1309 3490 1316 3505 ’

97 3593 131 3652 ei
151 3588 315 3668 proprius,
339 3601 357 3641 2
377 3585 454 3642 Petr.
473 3602 498 3656 1,
516 3582 543 3645 3.
567 3583 597 3640 4.
617 3582 680 3641 lob.
697 3600 747 3659 27,
773 3583 803 3647 3.
832 3585 885 3663 33,
909 3585 939 3649 4.
964 3585 1065 3657 ,Εκοά
1082 3591 1135 3665 31,
1158 3593 1186 3652 3.
1209 3614 1228 3650 a

97 3676 172 3736 Deo
197 3672 479 3730 veni'enssurtore.
511 3666 715 3742 (sMaccd,
737 3685 789 3748 29.
811 3671 849 3743 4,
879 3686 926 3741 17.
970 3674 1059 3754 Apud
1081 3676 1228 3755 profanos
1301 3735 1309 3753 ,

99 3761 200 3822 etiam
221 3757 259 3816 de
273 3753 564 3835 praestantissimo
593 3753 726 3827 dicitur,
756 3762 791 3812 ut
810 3749 931 3834 Ioseph.
946 3768 1009 3819 ant.
1027 3759 1062 3834 ὅ,
1090 3766 1119 3830 7.
1135 3783 1162 3838 7.
1186 3795 1228 3807 -

103 3843 155 3913 Τὸ
177 3846 268 3907 θεῖον
290 3841 495 3899 substantive:
517 3858 640 3897 numen
660 3836 831 3910 divinum,
851 3854 974 3900 ιιαιατα
994 3840 1132 3920 divina,
1161 3852 1228 3907 Act.

106 3950 158 4009 17,
176 3946 228 4006 29.
250 3923 382 4006 (loseph.
399 3934 459 3984 ent.
476 3920 505 3996 6,
528 3940 557 3999 7.
573 3927 602 3984 4.
623 3927 665 3990 ib.
685 3924 734 4001 ιο,
762 3928 790 3984 4.
807 3944 837 3990 2.
859 3960 900 3972 -
928 3926 967 3987 de
982 3932 1097 4008 spiritu
1119 3934 1230 3993 divino

101 4011 227 4095 loseph.
242 4022 304 4072 ant.
322 4011 351 4086 6,
368 4016 398 4076 8.
415 4009 458 4085 2.)
478 4013 504 4067 *.

199 4092 382 4180 Θειότης,
403 4118 503 4177 τητος,
511 4086 541 4177 ἦ,
555 4092 589 4173 (ι
597 4094 701 4168 θεῖος)
722 4091 898 4166 divinitas,
920 4111 1045 4158 natzera
1065 4116 1099 4160 et
1115 4104 1232 4182 parfe-

108 4188 180 4249 ctio
202 4183 339 4256 divina;
368 4183 454 4240 Rom.
475 4199 501 4251 1,
516 4199 565 4238 νο.
587 4179 676 4257 (Sap.
697 4180 743 4251 18,
760 4199 787 4256 9.
810 4198 867 4257 pro
887 4186 1016 4242 numine
1035 4186 1112 4266 ipso.
1136 4187 1231 4247 clem.

109 4276 203 4338 Alex.
218 4269 332 4340 Strom.
349 4269 376 4345 5,
401 4286 447 4328 ιο.
469 4261 505 4343 τὸ
526 4261 567 4347 μη
578 4266 772 4347 φθείρεσθαι
786 4259 949 4351 θειότητος
961 4273 1092 4360 μετέχειν
1107 4274 1234 4352 ιὀτὶ.)’“.
