2654 4786
504 642 739 707 Α-ΑΒῙ.

52 932 132 1048 Α)
161 985 267 1068 prima
294 979 454 1063 alphabeti
476 974 666 1044 Graecomm
693 979 801 1059 litera,
827 980 914 1047 hebr.
936 994 960 1053 le
981 968 1181 1064 respondens.
1212 1042 1216 1047 .

24 1084 28 1089 '
53 1074 88 1134 ln
109 1070 153 1135 N:
168 1074 207 1134 Τ.
226 1090 293 1135 non
312 1069 427 1147 legitur
447 1068 507 1128 nisi
526 1067 563 1127 in
583 1067 761 1128 locutione:
785 1061 819 1130 τδ
841 1074 873 1134 Α
891 1066 993 1135 κοδτδ
1011 1074 1062 1146 n,
1076 1069 1180 1151 Apoc.

59 1180 84 1237 1,
107 1163 140 1220 8.
162 1156 249 1240 (ιι.)
278 1172 330 1230 21,
351 1154 382 1216 6.
405 1170 457 1229 22,
480 1152 530 1213 13.
552 1154 682 1235 primns
703 1166 738 1212 ec
756 1152 910 1227 nltimam,
934 1156 955 1216 i.
975 1177 1001 1216 e.
1029 1156 1098 1217 vel:
1126 1154 1181 1236 qui
1280 1184 1286 1207 ι

10 1290 12 1323 ,
56 1267 182 1326 semper
204 1253 253 1305 est
276 1240 378 1318 idem,
407 1239 477 1300 vel:
503 1258 523 1298 a
543 1260 605 1320 quo
625 1240 816 1320 principium
841 1243 979 1300 omnium
1000 1260 1125 1318 rerum,
1150 1248 1183 1299 et

10 1346 13 1447 y
55 1342 184 1413 propter
212 1346 306 1410 quem
336 1326 441 1385 omnia
462 1322 560 1384 sunt.
583 1323 763 1405 Exponitur
783 1347 803 1384 a
825 1323 940 1387 Ioanne
962 1327 1058 1407 Apoc.
1080 1343 1132 1402 21,
1152 1323 1181 1385 6.

57 1415 131 1501 ἀρχὴ
150 1414 206 1480 καὶ
226 1409 327 1487 τέλος,
349 1432 376 1469 c.
392 1427 444 1486 22,
469 1409 516 1468 13·
545 1403 562 1472 ὅ
585 1411 703 1492 πρῶτος
722 1410 774 1475 καὶ
793 1407 811 1474 ὅ
831 1412 970 1494 ἔσχατος,
996 1423 1029 1473 et
1048 1411 1182 1490 repetita

57 1506 182 1565 videtur
213 1519 256 1560 ex
277 1496 332 1555 les.
352 1497 404 1565 48,
430 1511 478 1555 12.
508 1488 564 1578 ἐγώ
589 1498 650 1578 εἰμι
678 1498 797 1582 πρῶτος
822 1497 875 1560 καὶ
898 1493 956 1582 ἐγώ
978 1499 1040 1580 cipe
1060 1502 1103 1572 εἷς
1124 1490 1182 1560 τὸν

57 1590 166 1665 αἰῶνα,
189 1585 223 1646 in
244 1584 332 1643 hebr.
353 1586 471 1672 75ης,
497 1580 570 1641 coll.
590 1578 646 1642 les.
661 1583 713 1656 41,
733 1584 761 1642 4.
783 1583 834 1658 44,
858 1583 888 1642 6,
917 1583 1075 1663 (Clemens
1093 1583 1181 1643 Alex

59 1673 170 1735 Strom.
196 1669 249 1746 IV,
268 1668 321 1728 25.
352 1659 461 1738 κύκλος
483 1661 542 1749 γὰρ
565 1663 656 1740 αὐτὸς
677 1666 790 1745 (filius)
813 1669 919 1733 ποσῶν
936 1669 995 1732 τῶν
1018 1663 1182 1751 δυνάμεων,

32 1770 37 1776 ’
60 1764 100 1834 εἰς
119 1757 157 1824 ἓν
182 1754 352 1837 ἑλοομὲνονν
368 1750 422 1813 καλ
440 1750 621 1833 ἓνουμένον·
644 1749 696 1817 διὰ
708 1754 794 1817 τοῦτο
813 1758 845 1817 Α
858 1754 910 1818 καλ
924 1758 961 1816 dl
973 1749 991 1819 ὅ
1004 1749 1090 1838 λόγος
1102 1753 1182 1838 sipp-
1276 1794 1279 1802 ·

61 1846 130 1925 m)
144 1876 193 1891 -
212 1842 251 1900 ln
267 1836 542 1917 compositionibus
556 1837 577 1898 ἀ
593 1850 640 1897 est
653 1840 686 1912 a)
694 1839 914 1918 privativum,
933 1861 974 1899 ex
988 1836 1062 1905 ἄνευ
1074 1842 1184 1920 (quare

13 1990 18 2003 ,
66 1935 151 1992 eliam
182 1936 257 1988 ante
283 1924 426 1986 vocalem
448 1944 468 1986 ν
488 1922 646 2000 servatur)
668 1934 789 2000 ortum,
815 1926 949 2004 negandi
972 1926 1038 1987 vim
1058 1925 1184 2003 hebens,

10 2058 17 2105 ,
67 2032 285 2094 nonnunquam
305 2010 415 2083 etiam,
433 2016 470 2067 ut
484 2007 564 2067 aliae
581 2009 775 2089 negationes,
796 2009 891 2069 simul
904 2013 1093 2071 contrarium
1110 2012 1186 2091 eius,

10 2134 12 2171 ι
70 2102 148 2182 quod
164 2110 309 2179 negatur,
328 2096 379 2175 (ut
393 2094 429 2152 in
445 2087 597 2176 ἄχρηστος,
615 2095 764 2175 aliisque)
777 2094 975 2172 innuens,-—
991 2097 1026 2173 b)
1042 2098 1184 2157 intensi-
1217 2138 1220 2143 -

64 2208 152 2261 vitm,
184 2201 224 2244 ex
245 2179 344 2265 δίναν,
364 2175 468 2237 valde
475 2217 497 2247 ,‚
509 2183 671 2240 notionem
689 2181 855 2242 intendens
862 2224 871 2256 ,
898 2191 934 2242 ut
953 2182 987 2241 in
1008 2177 1125 2266 ἀτενής,
1139 2216 1184 2231 -·

59 2272 90 2358 c)
111 2268 341 2353 copulativam
367 2285 408 2324 ex
433 2258 498 2345 ἅμα
520 2274 645 2343 netum,
670 2266 755 2346 quod
780 2268 922 2348 pluribus
948 2267 1184 2332 communesne
1286 2286 1289 2291 ·
1316 2276 1320 2285 '

53 2363 215 2432 indicans,
237 2353 321 2413 utin
336 2345 478 2429 ἀδελφός.

138 2433 298 2523 Ἀαρών,
315 2434 440 2501 Aaron
447 2477 458 2507 ‚
479 2433 567 2497 hebr.
587 2436 703 2523 pinnis,
722 2457 808 2500 nom.
829 2457 934 2521 propr.
948 2436 1046 2519 primi
1059 2436 1184 2499 Israeli-
1255 2500 1268 2520 κ
1310 2436 1314 2443 ’

53 2541 162 2593 tarum
184 2523 352 2587 sacerdotis
375 2520 503 2595 summi,
523 2522 631 2582 fratris
654 2513 756 2583 blosis.
778 2523 846 2585 Act.
868 2541 898 2602 7,
919 2525 970 2584 40.
992 2524 1087 2585 Heba.
1104 2524 1134 2600 5,
1153 2525 1186 2585 4.

53 2635 85 2694 7,
111 2635 162 2675 11.
186 2632 216 2690 9,
235 2615 267 2671 4.
296 2608 359 2689 (De
382 2628 443 2686 quo
463 2607 529 2669 vid.
549 2605 651 2667 Exod.
671 2626 704 2684 1,
723 2610 776 2675 25.
800 2611 953 2690 4,14sq.
976 2609 1006 2688 5,
1030 2613 1120 2690 seq.)
1140 2643 1184 2658 -

52 2703 106 2764 Ex
128 2698 323 2762 hebraismo:
344 2696 444 2774 stirps
458 2693 677 2768 Aaronz'cica,
700 2693 771 2754 lma.
794 2715 821 2770 1,
841 2695 873 2755 5.
894 2696 922 2755 ⁴⁶.

136 2773 359 2868 Ἀβαδδών,
395 2799 511 2839 nomen
544 2779 633 2840 hebr.
657 2782 769 2871 Jieglp,
806 2778 973 2860 (vastelio,
1008 2779 1186 2861 pernicies,

53 2892 169 2949 mors3
187 2870 282 2929 etiam
304 2865 455 2944 inferum
474 2864 564 2926 Prov.
583 2863 631 2941 15,
654 2882 703 2924 11.
725 2866 790 2926 lob.
806 2871 857 2941 28,
874 2864 948 2946 22.)
970 2887 1066 2945 apoc.
1083 2882 1113 2944 9,
1137 2885 1186 2929 11.

55 2972 103 3020 eet
119 2976 240 3018 nomen
260 2952 419 3033 poeticum
437 2949 542 3031 angeli
557 2952 681 3025 tartari,
702 2950 756 3009 lue
772 2951 949 3030 punientis,
969 2962 1001 3011 et
1017 2953 1186 3029 exponitur
1282 2968 1284 2973 ⁴

10 3086 13 3149 ,
55 3046 132 3105 ibid.
166 3038 185 3104 (i
215 3029 391 3111 ἀπολλύων,
419 3036 505 3095 hebr.
534 3038 649 3119 nembn
678 3033 795 3107 (Exod.
819 3053 866 3109 12,
887 3037 940 3099 23.
970 3030 1186 3123 ὄδλοθρεδων
1311 3014 1316 3033 ¹

11 3200 14 3205 ,
58 3130 132 3212 Sep,
157 3129 206 3200 18,
228 3126 280 3185 25.
301 3135 442 3181 mortem
459 3117 550 3202 peste
571 3118 729 3200 inferens.
753 3121 793 3181 cf.
814 3138 828 3180 1
848 3120 919 3186 Cor.
934 3139 964 3199 9,
990 3126 1056 3201 ιο.)

18 3224 22 3231 “
136 3204 325 3298 Ἀβαρής,
348 3209 414 3280 έος,
436 3206 529 3288 (οὓς),
552 3202 579 3283 ὅ,
600 3204 735 3291 ἦ,-ές,
755 3200 799 3283 τό,
818 3205 1010 3288 (endpriv.
1029 3219 1061 3267 et
1074 3201 1185 3291 βάρος)
1248 3282 1250 3287 ¹

58 3323 148 3383 prop.
168 3300 238 3357 sine
253 3293 339 3376 gravi
360 3294 516 3377 pondere,
537 3300 673 3374 tropice:
693 3313 762 3351 non
779 3292 941 3353 molestos.
961 3292 1066 3353 Semel
1078 3311 1098 3351 2
1116 3292 1186 3355 Cor.

63 3406 109 3459 11,
132 3405 164 3463 9.
191 3384 232 3443 de
250 3400 316 3441 non
336 3389 484 3457 poscente
503 3380 702 3458 stipendium.
735 3378 795 3460 (De
818 3380 926 3440 eadem
945 3401 981 3441 re
999 3380 1188 3462 ἐπιβορῆσαν
1256 3408 1260 3417 ’

64 3490 79 3530 1
96 3472 210 3531 Thess.
227 3487 258 3543 2,
278 3487 308 3545 9.
328 3466 401 3524 coll.
418 3466 448 3543 4,
468 3465 498 3525 6.
522 3475 553 3524 et
573 3460 669 3551 βαρύς
689 3463 808 3543 loseph.
828 3474 891 3539 ant.
912 3483 938 3540 1,
964 3462 1010 3523 16.
1034 3465 1076 3545 2.)
1266 3522 1269 3527 ,

139 3552 278 3639 Ἀββᾶ,
308 3570 424 3610 nomen
453 3548 539 3610 hebr.
566 3561 627 3627 ale,
652 3550 753 3608 forms
776 3549 935 3611 chaldaica
963 3562 1046 3631 lente,
1076 3564 1187 3631 pater.

63 3642 161 3704 blare.
183 3645 233 3715 14,
253 3636 304 3698 36.
328 3636 460 3711 Rom'S,
484 3638 531 3698 15.
555 3619 621 3695 Gal.
638 3639 669 3711 4,
695 3637 723 3696 6.
744 3641 770 3695 *.
968 3644 971 3649 ’
993 3619 1006 3639 '

138 3722 267 3811 Ἅβελ,
289 3720 393 3798 Abel,
417 3720 505 3783 hebr·
527 3716 610 3811 3323,
635 3741 751 3780 nomen
770 3741 859 3801 prop.
882 3719 1106 3784 indeclinabile
1128 3719 1189 3779 filii

62 3814 189 3890 Adami,
216 3808 353 3871 secundo
375 3808 447 3867 loco
467 3807 544 3873 nati.
573 3807 680 3869 Mattls
698 3807 751 3884 23,
773 3806 823 3867 35.
855 3807 929 3868 Luc.
948 3824 998 3880 11,
1020 3806 1069 3866 51.
1094 3805 1186 3867 Hebr.

64 3918 113 3978 ιι,
138 3903 167 3960 4.
195 3914 244 3973 12,
267 3895 318 3955 24.
343 3892 439 3968 (Gen.
457 3894 488 3967 4,
510 3909 540 3954 2.
562 3894 607 3970 4.)
630 3897 655 3952 ²¹⁴.

139 3975 268 4068 Ἀβιά,
286 3973 320 4055 ὅ,
341 3977 452 4050 Abia,
472 3977 559 4039 hebr.
580 3989 685 4069 5723sp
704 3998 819 4037 nemen
835 3996 940 4057 propr.
957 3976 1190 4037 indeclinabile.

61 4072 130 4134 Duo
156 4075 458 4133 commemorantum
486 4063 576 4121 alter
594 4085 653 4123 rex
678 4061 861 4125 ludaeorum
882 4062 993 4122 Matth.
1019 4082 1044 4137 1,
1067 4080 1095 4139 7.
1117 4064 1189 4121 coll.

65 4178 77 4217 1
94 4160 171 4238 Reg.
194 4157 243 4229 14,
258 4154 327 4227 bo,
341 4150 431 4209 alter
444 4152 588 4211 sacerdos
602 4170 619 4211 e
633 4150 729 4229 stirpe
745 4150 924 4209 Aaronitica
942 4148 1014 4209 Luc.
1034 4167 1058 4225 1,
1073 4149 1101 4208 5.
1118 4150 1189 4209 coll.

65 4263 77 4302 1
100 4244 219 4304 Chron.
238 4239 290 4313 24,
314 4254 362 4296 10.

102 4332 187 4391 Lex.
209 4324 250 4389 N.
273 4323 308 4384 ῚΞ
335 4320 420 4384 VJ.
834 4317 860 4380 Α
