2654 4786
565 229 708 307 ΑΗΕ,
1060 242 1064 249 ·
1136 214 1228 290 111'

71 384 183 467 impl»
203 397 267 448 ant
291 408 320 468 7,
348 390 395 451 14·
418 409 446 455 1.
467 392 527 458 τύν
547 387 691 460 τοιούτων
709 388 842 476 ἄπειρος.
859 396 901 457 ib.
918 392 956 471 ⁵,
976 415 1003 456 1.
1023 411 1075 474 29.
1093 421 1135 443 ·-
1158 397 1206 480 γῆ

71 468 180 555 ἰπειοος
200 484 288 537 terra
308 475 446 553 inculta,
469 479 643 557 desertum,
662 480 721 542 ler.
742 498 774 561 2,
788 476 880 543 6.‘-
902 473 1120 568 ύπειρύτατοο,
1141 483 1196 564 qui

71 560 103 619 sil
120 557 256 619 omnino
277 563 352 638 scit,
372 560 445 642 Sap.
466 566 514 641 ιδ,
536 566 599 645 18.)
620 569 664 628 **.

130 639 286 710 ’Ausus
295 648 451 733 ἔχομαι,
474 650 496 708 f.
509 649 628 737 ἕξομαι,
652 652 712 728 (ex
726 643 788 716 ύπύ
803 660 835 711 et
849 647 1020 736 ἐνδέχομαι)
1039 665 1194 733 exspecto

71 750 128 788 nrm
152 728 345 802 desiderio,
373 732 548 810 desidero,
578 738 666 799 Rom.
688 740 723 813 8,
748 757 795 816 19·
816 738 867 797 23.
890 739 958 815 25.;
975 771 1019 782 —
1038 755 1194 819 exspecto

71 817 226 875 rotienter
247 838 256 876 1
272 816 342 878 Cor.
363 839 389 895 1,
407 837 435 895 7.
461 822 528 883 Gal.
546 823 575 899 5,
592 823 621 885 5.
643 823 722 885 Phil.
737 823 767 897 3,
780 841 832 883 20.
855 821 949 883 Hebr.
967 843 996 903 9,
1011 826 1063 884 28.
1084 825 1195 889 1Pet'r.
1224 836 1227 845 “
1293 828 1297 843 '

71 900 89 979 Ι,
104 919 155 961 20.
175 904 233 988 ubi
247 901 376 964 Griesb.
393 903 554 984 ἇπιδίξετο
571 911 711 970 restituit
726 902 887 988 propinat
901 906 1059 994 ἐξεδέχετο.
1081 914 1107 972 *.
1317 930 1320 943 ⁴

130 984 367 1072 Ἀπειιδύομ
378 998 433 1064 αι,
452 994 475 1053 s.
494 987 606 1076 o'oopo's
624 998 680 1076 (ex
694 988 757 1059 ἇπό
772 1005 803 1055 st
817 988 975 1076 ἐνδύομαι)
994 1014 1078 1055 exuo
1086 1036 1098 1070 ,
1119 996 1191 1056 uel-

71 1072 103 1131 1n'
121 1094 227 1149 arma,
247 1087 381 1152 vestem,
403 1075 545 1160 depono.
589 1081 642 1140 Sic
666 1082 788 1160 tropice
808 1079 925 1140 Coloss.
942 1084 971 1156 3,
989 1100 1024 1160 9.·
1039 1091 1189 1142 exuentes

71 1170 191 1219 merem
212 1161 388 1239 hominem,
409 1164 430 1223 i.
449 1186 477 1225 e.
498 1168 689 1244 deponentes
707 1166 872 1246 pristinam
891 1166 1099 1226 vitiositatem.
1119 1165 1189 1242 (io-

71 1245 137 1324 repln
157 1256 222 1305 ant.
246 1247 282 1321 6,
310 1250 359 1309 11.
382 1268 412 1310 2.
442 1248 576 1326 εἷπενδὶς
597 1247 653 1336 τὴν
674 1247 838 1336 βασιλικὴν
864 1252 994 1334 ἐσθῆτα.
1030 1252 1123 1313 Philo
1147 1252 1187 1314 de

72 1331 169 1396 romin.
191 1342 303 1393 mutat.
322 1354 353 1414 p.
375 1337 465 1395 1081.
488 1333 663 1420 ἐνδούμενοι
684 1335 723 1402 τὰ
742 1330 970 1419 ἁμαρτήματα.)
992 1371 1036 1383 -
1056 1338 1186 1413 Ibida,
1222 1386 1227 1423 Ι.

72 1417 106 1476 15.
126 1414 272 1481 ἆπειιδυο.
292 1417 348 1494 τὰς
363 1415 458 1504 ἀρχούς
471 1443 557 1484 arma
579 1425 701 1503 eripere
714 1424 928 1504 potestatibus,
950 1425 971 1484 i.
987 1445 1013 1484 e.
1035 1431 1187 1505 potestate
1297 1424 1299 1429 ’

72 1519 108 1561 ua
128 1524 246 1581 exuere
267 1504 388 1584 hostes,
411 1516 446 1567 ut
470 1510 565 1571 etism
586 1510 691 1571 Latini
713 1512 811 1572 verbo
831 1529 953 1568 exuere
975 1530 1035 1591 pro
1056 1510 1186 1590 privare
1256 1550 1261 1567 .

72 1588 105 1647 nt
118 1590 228 1648 solent.
1222 1645 1225 1659 ,

128 1671 388 1753 Ἀπέιιὸυοις,
419 1701 490 1751 soc,
518 1670 556 1762 ἢ,
585 1675 875 1763 (attondimur)
903 1694 1000 1740 actus
1030 1677 1185 1754 sxucndi,
1259 1695 1262 1705 ·

72 1754 289 1841 isponondis.
305 1785 330 1821 c.
354 1775 491 1839 vestem,
514 1785 609 1824 arma.
653 1767 759 1827 Semel
780 1766 897 1827 Coloss.
917 1785 954 1842 2,
983 1784 1031 1829 11.
1053 1766 1183 1845 tropice,

72 1868 88 1908 ν
106 1848 142 1935 τι)
165 1842 273 1910 tuot.
296 1849 350 1911 τοῦ
372 1843 445 1930 coip·
468 1850 522 1931 τῆς
537 1844 652 1931 σαρκός
671 1855 707 1912 in
731 1851 1077 1933 deposcentem,
1099 1851 1182 1930 quod
1272 1848 1277 1859 '

73 1952 161 2013 orpus
176 1934 198 1996 i.
216 1953 243 1992 e.
261 1927 429 2016 ἄνθρωπον
442 1928 585 2016 σαρκικόν
605 1938 746 2012 exuistis,
765 1938 958 2019 deposuistis.
981 1937 1048 1996 Vid.
1064 1957 1090 1994 o.
1105 1937 1136 2012 5,
1151 1956 1181 2015 9.

128 2013 359 2083 Ἀπελαύνω
384 2041 442 2099 pro
470 2022 621 2081 inusitato
647 2017 787 2100 ἀπολύω,
816 2045 879 2084 aor.
906 2042 932 2084 ι.
958 2015 1104 2105 ἀπήλασα
1126 2021 1181 2104 (ex
1252 2084 1263 2103 κ

72 2096 116 2165 iai
131 2114 161 2163 st
185 2097 313 2187 ἐλαύνω)
335 2104 457 2184 abigo,
487 2105 627 2167 abduco.
669 2111 775 2171 Semel
798 2109 866 2170 Act.
892 2108 948 2185 18,
975 2109 1025 2174 16.
1050 2105 1180 2186 (Erech.

73 2187 108 2262 λλ,
125 2207 167 2248 12.
193 2188 264 2268 Sap.
285 2209 332 2267 17,
356 2194 420 2269 18.)
805 2213 808 2219 ·
1049 2255 1052 2275 Ι

127 2270 393 2357 Ἀπελεγμύς,
420 2277 471 2356 οὔ,
505 2271 539 2355 ὅ,
573 2280 627 2355 (ab
653 2277 823 2365 ἄπιλέγχω,
855 2278 1028 2359 redarguo,
1056 2278 1180 2354 refello,
1233 2314 1241 2325 -

73 2359 216 2437 onvinco)
236 2363 416 2441 refutatio,
439 2365 618 2424 convictio.
660 2368 766 2427 Semel
784 2369 849 2427 Act.
869 2384 916 2445 19,
932 2360 984 2440 27.
1002 2367 1046 2437 εἰς
1067 2360 1180 2428 ἀπελε-

73 2440 119 2507 ιύν
136 2443 247 2509 ἐλθεῖν
262 2449 283 2506 i.
300 2468 328 2511 c.
343 2447 569 2533 ἆπελέγχεοθαι
585 2453 752 2531 confutari,
776 2453 988 2526 succumbere,
1008 2450 1179 2511 contemni.
1298 2494 1302 2499 -

73 2541 148 2591 otsst
167 2533 276 2611 itaque
299 2533 394 2595 etiam
419 2535 499 2594 verti
522 2544 726 2606 contemnat,
749 2540 895 2618 quoniam
912 2538 967 2613 iis,
990 2536 1046 2618 qui
1063 2534 1178 2598 erroris

73 2618 292 2692 mvincnntur,
312 2622 556 2680 erubescendum
569 2629 636 2684 est·
1208 2696 1213 2703 ἱ

120 2698 446 2786 Ἀπελεύθεοος,
473 2729 524 2781 ου,
556 2701 589 2782 ὃ,
616 2702 651 2786 ἧ,
667 2702 849 2784 -ονῐτό,
876 2708 934 2789 (ex
955 2701 1019 2771 ἀπό
1039 2716 1071 2767 et
1091 2699 1178 2770 ἐλεύ-

74 2789 155 2873 ερος)
173 2792 399 2861 montanistas,
422 2791 569 2863 libertus,
591 2792 749 2853 libertato
770 2793 924 2854 donatus.
953 2792 1058 2852 Semel
1077 2812 1088 2853 1
1106 2791 1175 2852 Cor.

73 2894 153 2948 ,22.
179 2870 384 2958 ἀπελεύθερος
406 2882 509 2959 κυρίου
530 2879 660 2939 libertus
682 2881 802 2941 domini
823 2881 845 2939 i.
864 2900 890 2939 e.
913 2880 1069 2939 redemtos
1091 2888 1138 2938 sst
1158 2897 1177 2936 a

74 2963 173 3019 omino
197 2982 238 3020 ex
260 2964 409 3023 servitute
430 2965 550 3023 morali.
575 2965 614 3024 cf.
629 2967 774 3026 verens.
795 2964 1013 3046 (loseph.=ant.
1030 2981 1059 3042 7,
1081 2982 1127 3022 11.
1146 2978 1175 3022 2.

74 3045 145 3129 ἰβύο
165 3042 370 3131 ἀπελεύθερος
388 3043 536 3126 Σαύλου.)

119 3130 337 3215 Ἀπελλῆς,
357 3134 419 3210 oi„
436 3129 469 3213 ὅ,
495 3133 641 3213 Apelles.
679 3134 772 3195 Nom.
795 3154 904 3216 propr.
927 3134 991 3195 viri
1012 3131 1100 3193 Rom.
1127 3129 1176 3208 ιδ,

74 3220 367 3296 mommemorati,
390 3230 544 3281 coeterum
561 3220 669 3300 ignoti.

118 3301 376 3384 Ἀπελπίζω,
402 3304 425 3364 f·
450 3310 520 3380 tour,
549 3306 603 3388 (ex
629 3299 691 3371 sini
715 3314 748 3366 et
770 3302 892 3385 ἐλπίζω)
918 3323 1010 3386 spem
1036 3301 1172 3376 abricio,
1291 3328 1295 3336 ¹

74 3408 133 3447 rem
158 3409 230 3449 non
256 3389 374 3450 liabeo.
417 3389 511 3451 Vario
532 3394 625 3452 modo
649 3394 766 3453 dicitur
785 3401 818 3450 et
839 3392 879 3451 ds
902 3410 1086 3471 quacunque
1109 3410 1174 3470 spe.
1208 3408 1215 3445 1

76 3476 105 3535 d.
118 3474 175 3536 les.
193 3494 312 3555 29,19.
330 3475 450 3536 Iudith.¹
461 3496 491 3555 9,
509 3497 556 3538 11.
576 3498 595 3540 2
611 3478 707 3539 Maec.
723 3495 754 3555 9,
772 3480 820 3538 18.
841 3477 902 3536 Sir.
917 3495 969 3552 22,
984 3494 1037 3536 21.
1054 3494 1095 3555 27
1121 3491 1173 3535 21.

74 3560 138 3622 .N.
159 3561 196 3619 T.
228 3561 302 3621 Luc.
327 3564 364 3638 6,
386 3562 439 3622 35.
477 3565 517 3622 de
545 3584 601 3644 sps
628 3564 892 3625 remunerationis
921 3584 980 3643 pro
1006 3560 1173 3623 beneficiis

74 3646 279 3706 clrlousnerus
299 3649 334 3706 in
353 3649 417 3709 lex.
439 3656 473 3708 et
490 3657 561 3708 ante
579 3650 671 3710 illum
687 3647 800 3709 Krobs.
819 3649 899 3708 obss.
918 3670 950 3726 p.
968 3653 1056 3723 118.,
1077 3644 1173 3711 ἀπελ-

75 3733 140 3809 ζειν
160 3734 216 3792 hic
230 3754 289 3812 pro
309 3731 440 3810 ἐλπίζειν
456 3728 518 3799 ἀπό
539 3759 629 3812 τινος,
648 3754 786 3817 sperare
808 3732 948 3806 adolio,
970 3735 1032 3793 dici
1047 3734 1172 3807 docent,

75 3824 115 3879 ria
136 3821 179 3879 sit
201 3819 390 3897 optimorum
416 3820 604 3899 scriptorum
623 3843 705 3897 mos,
732 3831 770 3881 ut
790 3822 953 3883 brevita1i1
975 3839 1066 3881 causa
1087 3816 1173 3878 vocis

75 3906 174 3967 nissas
195 3905 347 3965 indicium
370 3906 490 3967 faciant
511 3928 571 3986 ope
595 3907 855 3988 praepositionis,
886 3926 982 3983 quse,
1011 3924 1083 3966 cnm
1106 3903 1175 3969 sola
1283 3978 1288 3987 1

75 3993 115 4051 »ni
148 3999 304 4071 nequeat,
340 3994 438 4053 verbo
475 3994 676 4074 adiungatur,
714 4003 750 4054 ut
783 3991 950 4056 ἀπεσθίειν
975 3992 1176 4068 (οὓοθΝΙΠῐθ

75 4078 204 4137 ‚irenaeo
235 4077 291 4137 lib.
319 4077 366 4136 14.
397 4096 423 4136 o.
452 4096 499 4156 17.
532 4099 563 4158 p.
590 4080 662 4157 649·
698 4080 746 4139 ed.
767 4070 923 4153 obsunt.)
957 4086 1093 4154 ponatur
1118 4094 1176 4155 pro

75 4167 163 4229 θύειν
182 4155 247 4226 tud
267 4180 366 4238 τινος,
385 4160 526 4228 ἀπαιτεῖν
544 4163 688 4244 Euripidi
696 4177 739 4225 ‘et
758 4162 973 4244 Theophrasto
995 4164 1179 4223 adhibeatur

76 4273 97 4311 o
120 4253 223 4313 αἰτεῖν
242 4241 305 4312 ἀπό
320 4271 411 4321 τινος.
441 4248 505 4311 Sed
530 4263 594 4310 est:
614 4249 666 4309 nil
686 4244 795 4334 (ιεἠύὲν
814 4271 873 4331 pro
891 4245 970 4313 κατὰ
990 4244 1100 4331 μηδὲν)
1119 4242 1180 4305 du·
1200 4254 1204 4261 '

76 4350 194 4397 cantes
215 4332 260 4392 dc
280 4334 606 4410 retributum-stus
626 4359 713 4418 spem
725 4359 797 4398 non
818 4337 1019 4407 abiicientss;
1044 4352 1180 4413 sequnn-
