2654 4786
155 192 244 294 xlv!
346 185 562 243 rnattruto
588 188 630 239 lli
651 186 864 241 tentrtottttu
878 188 1092 257 mommio

101 413 104 417 -
157 354 236 431 eius
256 352 369 456 stylus
385 353 435 431 ita
450 353 642 430 conveniat
663 328 901 452 profanorum
926 353 1094 452 dictioni,
1120 340 1288 437 utillum

157 482 332 584 prolenis⁴
351 480 665 583 adnumerandum
698 508 776 556 erse
811 509 886 555 non
927 480 1103 557 dubitem.
1153 478 1288 561 Libros

155 611 265 710 igitur
290 611 537 711 profanorum,
563 610 732 711 inprimis
756 609 865 685 attice
885 608 1142 706 scribentium,
1157 616 1287 708 sontes

155 742 392 814 secundarios
415 758 451 812 et
467 737 681 815 remotiores
695 737 736 811 in
756 734 970 811 illustranda
990 735 1037 819 N,
1051 738 1099 814 T.
1121 739 1287 819 dictione

156 895 232 943 esse
256 867 390 968 putari,
415 891 527 966 quare
545 863 728 940 delectum
748 865 865 939 habui
888 892 1004 966 quum
1025 893 1167 964 eorum,
1195 896 1290 968 quae

154 996 299 1095 ipsoex
320 992 452 1069 iisdem
472 993 701 1093 collegeram,
730 1012 808 1065 tunt
832 994 990 1088 corum,
1014 1023 1107 1097 quae
1127 1000 1291 1071 Schleua.

152 1150 264 1199 uerus
287 1124 327 1198 in
351 1119 509 1215 Lexico,
542 1124 605 1197 W
597 1123 702 1216 olfiuc
730 1122 770 1195 in
799 1120 896 1198 curis
921 1121 1173 1224 philologieis,
1205 1132 1288 1203 Et·-

142 1279 283 1349 uerua,
308 1253 522 1339 Mammas,
554 1253 781 1348 Rapheliue,
805 1252 977 1349 Kypkiue
1000 1252 1039 1325 in
1065 1240 1286 1332 observatio-

150 1381 255 1462 nibus
278 1381 389 1456 sacris
415 1407 460 1455 ex
484 1380 530 1453 iis
551 1379 754 1456 hauserant.

249 1513 302 1586 Ut
322 1535 409 1584 vero
439 1507 617 1610 quisque,
648 1507 879 1608 potissimum
905 1507 1040 1582 tirones
1070 1509 1288 1615 intelligant,

18 1662 20 1669 ’
60 1691 63 1695 .
140 1635 356 1731 ubidictio
375 1636 423 1715 N,
441 1634 487 1711 Τ.
516 1633 661 1711 recedat
689 1664 709 1709 a
735 1636 995 1736 profanorum,
1017 1651 1063 1719 ¹et
1092 1635 1188 1712 inter
1211 1638 1309 1733 ltoa¹

50 1772 53 1777 ’
146 1764 193 1839 alt
214 1765 438 1866 optimorum
466 1784 503 1841 et
523 1763 716 1838 atticorum
739 1791 830 1859 usu,
855 1760 1048 1862 diligenter
1067 1763 1207 1867 ubique
1225 1767 1284 1841 in·

18 1876 25 1884 ⁶
142 1884 283 1988 dicari,
317 1919 409 1994 quae
436 1891 762 1992 rel'scriptoribus
790 1889 837 1968 N.
859 1890 904 1965 T.
937 1891 1111 1991 propria,
1144 1892 1203 1968 rel
1228 1894 1281 1969 ad

103 2036 112 2047 ⁸
142 2019 352 2097 hebraicam
377 2019 528 2096 dicendi
550 2021 727 2095 rationem
749 2019 822 2094 sint
849 2018 1055 2116 referenda,
1085 2021 1143 2099 vel
1172 2019 1279 2096 deni·

58 2134 89 2205 ¹-
143 2175 216 2249 qua
238 2148 403 2247 dialecto·
421 2150 609 2224 communi
632 2150 810 2225 seriorum
843 2148 1084 2249 scriptorum,
1115 2148 1173 2225 rel
1199 2178 1277 2224 ma-

140 2275 338 2353 cedonicae
355 2274 577 2383 'tribuenda
635 2276 681 2351 In
719 2274 926 2351 definienda
957 2297 1082 2350 autem
1097 2366 1103 2378 x
1116 2275 1275 2356 dialecto

138 2404 328 2480 communi
350 2405 407 2481 vel
428 2402 663 2479 macedonica
685 2425 827 2504 praeter
851 2403 1074 2504 antiquiores
1097 2431 1276 2503 gramma·

68 2510 73 2519 ¹
137 2532 252 2628 ticos,
291 2537 493 2630 Vrget-om,
530 2535 808 2629 Phrynichum,
832 2530 1062 2632 potissimum
1094 2534 1283 2609 recentio··

136 2686 210 2755 res,
248 2664 437 2737 &mamm
464 2661 540 2755 (do
570 2658 656 2735 dial.
686 2657 962 2753 macedonica),
1003 2646 1274 2737 Hermondum

62 2797 65 2803 '
133 2788 203 2882 (ad
234 2787 454 2888 Vigerum),
490 2809 528 2863 et
561 2786 730 2888 inprimis
758 2789 981 2865 Lobeckium
1013 2786 1085 2878 (ad
1114 2788 1274 2893 Phryni⁴

133 2915 270 3006 chum)
286 2917 489 3017 ‚magistros
514 2943 595 2991 sum
617 2935 770 2990 secutus.

234 3045 314 3121 Iam
337 3071 451 3141 vero„
477 3043 570 3145 quid
595 3045 636 3118 in
658 3043 914 3120 molestissimo
935 3044 1009 3119 hoc
1027 3044 1155 3121 labore
1184 3048 1272 3137 effe·

28 3216 37 3237 x
88 3254 95 3260 ,
131 3173 264 3269 ocrim,
300 3169 347 3247 de
380 3197 425 3247 eo
450 3173 622 3271 permitto
648 3170 827 3260 iudicium
849 3172 936 3248 viris
963 3172 1083 3248 doctis
1111 3192 1148 3246 et
1172 3172 1277 3271 iudi-q

36 3312 40 3323 '
118 3302 247 3377 cibus.
269 3299 403 3401 aequis
463 3307 547 3373 Mea
586 3319 679 3373 certa
715 3297 904 3399 diligentia
938 3300 993 3375 rei
1026 3327 1103 3375 non
1137 3299 1269 3374 defuit.-

25 3446 32 3457 “
129 3429 311 3505 Omnium
361 3449 480 3525 autem
526 3427 873 3529 praestantissimum
911 3427 1046 3502 laboris
1093 3430 1271 3506 exantlati

126 3540 330 3660 praemium
354 3567 553 3658 percepisse
585 3555 679 3641 mihi
708 3553 887 3651 videbor,
924 3554 974 3649 si,
1006 3556 1138 3656 quihus
1162 3555 1268 3633 huuc

125 3686 263 3780 librum
292 3683 444 3784 scripsi,
477 3709 589 3758 exeo
617 3682 818 3766 utilitatem¹
834 3660 997 3782 aliquam
1022 3685 1270 3784 perceperint,

125 3834 160 3887 et
191 3811 374 3905 subtiliori
404 3812 586 3886 librorum
612 3809 659 3885 N.
682 3809 729 3883 T.
752 3794 961 3911 cognitioni
976 3808 1152 3886 idoneum
1177 3830 1283 3888 eum¹

36 4008 39 4013 .
126 3948 203 4021 esse
228 3942 299 4020 riri
312 3939 426 4016 ¹docti
451 3937 703 4033 iudicaverint,

40 4138 45 4217 ᾧ
130 4216 132 4219 ¹
229 4119 394 4212 Gothae,
421 4116 457 4191 d.
489 4120 547 4191 25.
568 4115 713 4212 Martii,
737 4113 1068 4194 MDCOCXXIX.

545 4318 833 4344 W
