2654 4786
360 206 409 263 ἸΙ
429 206 644 262 ‘totamm
675 206 881 265 etonem.
927 204 932 215 “
1004 205 1009 215 ’
1124 208 1199 263 xttt

54 375 214 472 dixisses,
249 358 334 470 ubi,
373 358 414 451 si'
431 374 547 476 petria
568 374 728 450 tlialeeto'
749 366 807 448 uti
831 374 1004 466 tabunt,
1038 370 1112 479 tp}
1140 372 1199 450 tel

55 519 132 615 κῃ
159 505 300 580 dicturi
315 503 477 597 luissent,
505 500 948 602 verosimile‘igituresse,
969 498 1199 601 λαμβάνειν

55 633 207 706 easdem
236 633 381 712 babere
390 630 684 730 significationes,
712 656 802 731 ques
821 630 883 705 illa
901 631 1009 706 verba
1025 629 1198 709 bebraion
1285 730 1290 735 .

55 762 195 835 babere
218 764 370 856 soleant,
397 773 687 873 nonnunquam
678 784 764 834 vero
785 759 898 832 etiam
913 760 1065 833 eosdem
1082 759 1196 835 verbo

10 971 12 975 ,
57 888 291 988 λαμβάνειν
314 914 401 964 usos
426 916 522 978 esse,
560 888 626 960 ubi
646 886 816 961 hebraice
841 886 1040 963 dicendum
1070 858 1201 966 luisset
1322 981 1325 999 .

57 1017 146 1123 ι35;
188 1042 419 1118 nequaquam
453 1036 573 1089 tamen
608 1035 798 1115 propterea
839 1016 1072 1091 emerendum
1104 1044 1213 1122 esee,

60 1074 293 1244 tabefiebat
309 1144 444 1218 babere
459 1132 879 1244 omnessigoificatioues
894 1144 995 1219 verbi
1008 1142 1097 1256 πῄ,
1118 1123 1211 1225 imo

60 1273 166 1347 valde
187 1300 320 1368 errare,
345 1272 411 1374 qui
436 1271 676 1367 arbitrentur,
701 1271 813 1349 verbo
835 1271 1064 1371 λαμβάνειν
1085 1277 1194 1351 etiam
1251 1302 1252 1307 ’
1303 1284 1322 1375 ,ζ

64 1428 166 1502 posse
190 1428 250 1476 eas
274 1400 560 1501 significationes
583 1398 713 1492 tribui,
746 1425 840 1498 quae
868 1401 1018 1477 fortasse
1042 1405 1197 1505 quibus·

16 1522 21 1541 '
63 1529 208 1603 damin
230 1529 325 1603 locis
350 1550 386 1603 et
409 1528 658 1603 locutionibus
679 1526 810 1603 habeat
832 1526 911 1634 ιζξι.
967 1536 978 1579 l

163 1657 278 1746 Quae
296 1684 412 1758 quum
431 1656 482 1730 ita
502 1674 642 1750 essent,
668 1648 774 1730 facile
800 1657 995 1760 subscripsi
1018 1658 1075 1756 iit,
1099 1686 1200 1762 quus·

67 1791 245 1862 Wnerue
268 1785 307 1859 iu
327 1784 384 1860 ed.
407 1810 440 1859 a.
465 1784 663 1858 Grammat.
688 1781 735 1856 N.
758 1786 802 1862 T.
837 1816 872 1887 p.
896 1795 941 1862 rt
962 1814 1045 1887 sqq.
1070 1786 1117 1867 (le
1138 1787 1200 1865 db-

68 1917 183 1990 ctione
206 1915 258 1991 N.
277 1918 325 1989 T.
350 1924 417 1989 'suo
438 1938 559 2006 more,
581 1911 605 1984 i.
626 1936 657 1984 e.
681 1888 789 1989 docte
809 1936 845 1990 et
864 1918 1045 1991 subtiliter
1067 1914 1200 2017 dispua·

16 2126 20 2155 Ι
71 2044 171 2134 tavit,
206 2043 364 2146 parique
389 2038 503 2116 modo
525 2039 622 2134 cavi,
652 2066 698 2114 uo
720 2062 783 2115 aut
804 2044 938 2119 nimiae
962 2042 1196 2145 quoruudem

11 2234 15 2267 Ι
74 2169 256 2272 ἀκριβείᾳ
276 2170 528 2271 indulgerem,
552 2191 614 2242 aut
636 2162 843 2271 eremplum
861 2200 989 2249 eorum
1010 2199 1203 2276 sequerer,-

10 2280 14 2375 l
67 2301 127 2398 qui
157 2301 261 2373 uram
296 2284 511 2399 auara...
534 2295 629 2369 nisu
654 2319 790 2373 ...ane
843 2299 927 2376 uon
955 2303 1059 2402 pote
1085 2302 1213 2402 igitur,
1251 2290 1255 2311 '

63 2454 136 2500 non
161 2449 287 2503 tenere
310 2428 412 2500 illam
432 2427 561 2522 legem,
586 2450 697 2522 quam
721 2426 813 2500 mihi
834 2429 912 2503 iam-
927 2430 1018 2503 olim
1043 2434 1205 2533 scriptas·

62 2582 153 2649 ram,
179 2556 357 2628 nimirum
383 2554 515 2654 scripta
533 2551 753 2629 ludaeorum
776 2582 902 2655 graece
926 2559 1137 2633 locutor-um
1159 2580 1197 2635 et

62 2710 153 2757 aevo
184 2683 375 2758 servatoris
402 2680 648 2782 proximorum
661 2683 795 2774 fontes
819 2689 1032 2781 primarios
1056 2683 1204 2780 huben·-

63 2809 134 2883 dos
163 2837 259 2904 esse,
289 2811 485 2909 equibus,
519 2836 612 2908 quae
646 2810 694 2883 ud
716 2795 969 2888 illustrandain
995 2814 1195 2891 dictionem

63 2938 112 3011 N.
146 2939 192 3014 T.
231 2941 410 3032 lacerent,
455 2937 658 3011 haurienda
690 2939 782 3031 siut,
825 2941 996 3016 videlicet
1028 2942 1208 3018 codicem*

63 3070 301 3166 graecumV.
323 3065 385 3161 Τ.,
419 3065 601 3140 libroaV'.
626 3065 671 3138 Τ
694 3064 1050 3170 pseudepigraphos,
1077 3069 1195 3144 libros

62 3192 109 3270 N.
131 3195 182 3271 Τ.
208 3125 439 3301 apocryphos
464 3194 617 3292 (quibus
639 3193 788 3267 accessit
787 3222 926 3299 nuper
943 3195 1056 3273 liber:
1097 3207 1196 3276 Aeta

67 3314 245 3413 tuom,
268 3353 288 3396 a
311 3323 457 3397 doctiss.
482 3323 634 3397 ΊῚιὶΙοιιε
663 3321 818 3403 eeodd
842 3325 940 3401 edita
966 3327 1066 3427 Lips.
1087 3330 1209 3405 ιω,-

65 3457 114 3545 8.)
141 3474 178 3525 et
204 3445 374 3552 (lenique
386 3453 518 3553 scripta
540 3450 658 3526 Flavii
681 3452 842 3552 losepbi
895 3454 1043 3545 Quibus
1057 3450 1206 3529 addidt·

66 3607 126 3667 ea,
165 3607 258 3679 quae
288 3608 332 3656 ex
365 3579 603 3681 scriptoribus
642 3578 904 3663 ecclesiasticis
932 3578 1196 3683 antiquissimis

65 3709 201 3806 passim
224 3710 460 3809 collegeram,
485 3731 563 3781 tum
589 3707 673 3805 quia
696 3707 809 3783 iidem
828 3711 986 3789 dialecto
1008 3710 1197 3787 communi

63 3837 119 3909 usi
141 3857 247 3927 suut,
288 3852 366 3910 turn
391 3837 476 3943 quia
502 3835 676 3912 dialectos
704 3839 974 3934 ecclesiastica,
995 3860 1037 3912 ut
1063 3839 1128 3913 ite
1139 3839 1195 3911 di·

61 3990 159 4057 cam,
187 3965 418 4064 potissimum
442 3992 461 4038 e
484 3965 626 4066 scriptis
648 3970 693 4040 N.
714 3965 760 4042 Τ.
782 3988 861 4039 nata
882 3989 945 4041 est.
997 3966 1195 4042 Philonem

59 4091 371 4184 Alexandrinum,
403 4115 626 4193 praeterea,
657 4121 750 4194 quae
770 4101 998 4194 Cbrpzovius
1022 4117 1058 4173 et
1080 4099 1194 4170 Loer·
1266 4080 1268 4087 ¹

57 4248 165 4296 uerus
180 4249 223 4298 ex
243 4249 289 4297 eo
303 4249 376 4294 ram
398 4220 637 4318 hauserant,
629 4251 667 4295 ιιι
689 4251 796 4297 usum
821 4252 897 4298 uon
915 4223 1055 4317 vocavi,
1080 4248 1194 4369 quum
1221 4211 1224 4217 ¹
