2654 4786
544 170 727 295 ἱιιι-11·
935 152 1073 205 ¹¹⁴
1160 207 1296 315 ⁰.'

10 362 13 459 l
56 378 139 443 sibus
167 381 367 460 angelornm,
395 370 479 462 'qu'ae
506 379 595 443 Roml
624 386 660 455 8,
684 381 734 441 58.
765 391 1064 451 commemorantur,
1096 375 1183 439 extat

55 467 140 525 locus
169 470 338 547 primarius
366 468 401 526 in
431 477 549 532 testam.
578 466 643 526 Xll.
674 468 841 549 patriarch.
870 468 934 527 uid.
960 467 1078 527 Fabric.
1105 464 1181 523 Cod.

55 544 166 613 Paeud.
188 552 225 613 V.
247 553 284 610 Τ.
301 552 328 626 Ι,
351 573 380 632 p.
394 553 458 611 546
466 555 607 629 -5ί18.,
620 575 647 613 -e
670 575 731 634 quo
752 555 846 614 ctiam
865 554 1069 631 intelligitur,
1092 548 1180 633 ἀγγὲ·

56 634 125 711 λους
145 638 197 702 τοῦ
217 633 379 723 προςάπου
401 639 453 701 τοῦ
471 641 568 715 θεοῦ,
589 659 722 720 quorum
744 638 1110 711 monostichorum,
1134 657 1180 697 ιο.

58 743 122 785 esee
146 724 319 804 superioris
340 724 474 800 ordinis,
500 723 745 810 λειτουργοῦντας
771 724 822 788 aul
841 723 1084 804 ἐξιλασκομὲνους
1103 719 1181 806 πρὸς

38 802 160 890 ἀὔριον
180 808 236 873 ἐπὶ
257 805 372 883 πάσαις
393 817 459 883 ταῖς
488 807 621 893 ἀγνοίαις
648 810 707 874 τάν
727 807 857 879 δικαίων.
885 811 924 870 cl.
946 810 973 866 Τ
975 810 1023 871 ob.
1051 827 1106 882 12,
1133 810 1180 870 15.

58 890 133 955 Inde
154 896 577 975 commemoramur-septeni
598 896 739 975 primarii
760 901 854 977 Apoc.
870 897 898 972 8,
921 909 949 954 2.
973 894 1002 954 6.
1029 895 1079 968 15,-
1104 911 1128 950 1.
1152 894 1180 953 6.

63 979 108 1055 16,
135 999 162 1040 1.
190 999 237 1057 ιγ,
263 999 288 1038 1.
313 999 365 1055 21,
387 1001 416 1060 9.
439 981 603 1043 coll'scb.
623 999 671 1057 12,
697 982 744 1057 15.
767 981 908 1061 σιΑροο.
927 997 975 1055 12,
998 998 1026 1057 7.
1055 974 1184 1061 Μιχαὴλ
1243 1046 1245 1051 ,

60 1067 107 1135 καὶ
133 1067 165 1130 oi
185 1060 309 1150 ἄγγελον
327 1063 424 1131 αὐτοῦ
444 1067 464 1131 i.
487 1089 513 1126 e.
540 1067 657 1146 angeli,
687 1068 800 1147 quibus
820 1067 994 1147 praefectus
1015 1075 1070 1127 est.
1105 1064 1185 1149 Ἅγγ.

61 1146 176 1236 ἰσχυρός
198 1158 295 1230 Apoc.
310 1152 339 1227 5,
359 1168 389 1211 2.
415 1153 462 1226 18,
485 1170 535 1211 21.
554 1152 557 1159 '
581 1153 627 1212 De
651 1164 782 1215 numero
807 1154 986 1233 augelorum
1009 1152 1072 1214 vid.
1091 1149 1183 1211 Hebr.

64 1254 109 1311 12,
132 1255 185 1296 22.
209 1239 302 1316 Apoc.
317 1237 348 1314 5,
372 1255 420 1301 11.
448 1237 553 1313 (Quae
567 1238 657 1297 Philo
672 1238 765 1298 habet
780 1239 819 1300 de
835 1240 963 1319 angelis,
983 1257 1019 1297 ea
1034 1237 1185 1315 congessit

30 1372 34 1387 .
65 1325 223 1402 carpzov.
238 1325 273 1383 in
286 1324 460 1385 exercitare
476 1324 571 1383 sacris
587 1324 693 1385 ePhil.
709 1346 738 1403 p.
748 1326 787 1386 55
797 1328 859 1404 sq.)
873 1357 916 1369 -
931 1325 967 1400 5)
982 1325 1075 1402 garrias
1089 1322 1183 1400 rnoli,

59 1406 288 1488 ιιακοᾰαίμοννς,
309 1410 342 1468 iu
365 1409 402 1470 N.
422 1408 458 1467 T.
479 1408 571 1469 etiam
590 1411 778 1490 simpliciter
798 1402 944 1491 δαιμόνια
964 1410 1059 1484 dicti,
1079 1410 1185 1489 itaque

60 1488 186 1577 ἄγγελος
212 1516 272 1574 pro
297 1490 422 1578 ἀγγελος
442 1497 553 1568 σατάν,
582 1506 618 1555 ut
644 1497 757 1576 legitur
779 1514 798 1555 2
821 1494 891 1555 Cor.
917 1512 969 1570 12,
993 1513 1021 1573 7.
1047 1494 1186 1575 intelligi

61 1581 152 1639 debet
176 1601 190 1640 1
209 1580 280 1640 Cor.
299 1581 333 1656 6,
354 1581 383 1640 5.
409 1599 423 1641 1
444 1580 525 1641 Tim.
543 1581 579 1656 5,
604 1579 653 1645 16.
681 1581 736 1641 ubi
756 1583 854 1643 verba
870 1575 966 1664 ὤφθη
986 1578 1122 1665 ἀγγέλοις
1143 1582 1185 1641 ad

60 1665 246 1727 descensum
267 1666 307 1725 ud
328 1666 447 1726 inferos
468 1667 636 1727 referenda
660 1678 755 1746 puto,
788 1676 820 1727 et
842 1685 855 1725 1
880 1660 950 1727 Cor.
976 1685 1030 1741 11,
1056 1685 1103 1727 10.
1131 1667 1188 1728 ubi

59 1753 210 1812 mulieres
234 1751 420 1811 daemonum
449 1772 542 1811 cansa
570 1764 664 1833 caput
689 1755 795 1814 velare
823 1752 980 1813 iubentur.
1022 1752 1187 1832 Perperam
1270 1754 1275 1765 ⁸

59 1836 111 1899 lu'c
133 1839 190 1897 alii
212 1839 338 1916 angelos
358 1839 568 1917 speculatores
585 1858 604 1897 a
624 1839 851 1919 magistratibus
869 1838 1001 1897 ethnicis
1015 1840 1122 1898 missos
1136 1839 1189 1897 in-

61 1922 218 2003 telligunt.
265 1922 418 1989 Putabant
435 1925 519 1983 enim
537 1923 658 1998 Iudaei,
681 1925 846 1985 daemones
866 1925 906 1984 ad
926 1923 1090 1985 libidinem
1104 1926 1188 2004 pio·

64 2028 121 2067 nos
140 2009 235 2085 (fob.
255 2008 291 2083 5,
315 2011 344 2071 8,
375 2007 412 2084 6,
438 2011 487 2069 rt.
522 2011 576 2086 18,
599 2008 661 2088 5.),
692 2032 728 2070 ac
749 2020 917 2092 propterea
939 2011 978 2067 de
1006 2011 1094 2069 coelo
1116 2019 1187 2071 ete

68 2094 224 2155 beatorum
250 2103 333 2153 stata
360 2095 496 2155 deiectos
516 2114 599 2171 esse,
626 2095 728 2185 quod,
758 2096 964 2156 foeminarum
984 2094 1188 2155 humanarum

68 2179 300 2258 pulchritudine
323 2181 444 2255 allecti,
475 2180 576 2240 officio
604 2202 661 2240 suu
684 2181 869 2257 defuissent,
897 2181 1061 2265 stationem
1084 2182 1188 2242 coele·

65 2277 142 2324 steni
164 2266 374 2326 deseruissent
393 2275 424 2325 et
443 2286 510 2326 rem
528 2288 599 2325 cunr
619 2266 682 2325 illis
704 2267 888 2326 mulieribus
904 2267 1090 2327 habuissent.
1117 2267 1188 2334 Vid.

63 2351 168 2411 versio
188 2352 275 2411 Lxx
294 2353 332 2412 ad
357 2353 468 2412 Genes.
486 2353 521 2427 6,
544 2368 573 2411 2.
594 2364 626 2412 et
647 2348 766 2432 loseph.
790 2353 886 2431 antiq.
906 2353 961 2417 lib.
979 2353 1008 2410 5.
1030 2373 1055 2410 c.
1074 2352 1103 2411 5.
1122 2340 1212 2414 Acts
1297 2419 1307 2435 ο

62 2435 177 2496 Thom.
198 2445 226 2517 §.
240 2436 291 2495 52.
318 2437 357 2496 de
379 2438 521 2497 diabolo:
551 2431 659 2511 ὄτοὺς
680 2436 821 2519 ἀγγέλους
840 2434 965 2500 ἀνωθεν
983 2431 1065 2500 ariam
1085 2440 1187 2520 ῥίψας,

62 2524 116 2588 καὶ
137 2524 171 2587 ἐν
185 2532 256 2596 ταῖς
275 2523 455 2603 irradiatione
474 2523 532 2585 τῶν
549 2524 698 2605 γυναικῶν
717 2521 828 2609 adroic
842 2516 1022 2596 καταδύσας.
1069 2524 1114 2582 De
1127 2525 1188 2584 hoc

62 2609 244 2688 angelornm
260 2620 385 2688 peccato
400 2629 501 2669 sermo
514 2621 561 2666 cst
575 2625 594 2665 2
613 2609 693 2667 Pctr.
710 2627 738 2684 2,
752 2611 781 2667 4.
799 2605 864 2667 lud.
879 2630 957 2668 vers.
972 2609 1000 2666 6.
1015 2642 1057 2652 --
1079 2608 1193 2683 Utrum,
1209 2642 1228 2671 .·
1296 2626 1299 2634 '

64 2690 190 2777 ἄγγελον
201 2694 293 2753 Hebr.
308 2712 337 2770 2,
361 2694 408 2774 16.
432 2704 464 2755 et
477 2697 543 2757 net.
563 2711 610 2766 12,
630 2696 681 2755 25.
702 2694 765 2753 sint
777 2695 850 2754 boni
867 2715 906 2752 an
922 2696 1013 2768 mali,
1033 2694 1188 2755 incertum

63 2782 203 2841 videtur.
231 2784 254 2839 11
272 2780 364 2853 duce,
385 2780 530 2853 diabolo,
551 2781 751 2859 appellantur
766 2800 889 2860 qnoque
906 2774 1027 2862 ἄγγελοι
1045 2783 1099 2844 τοῦ
1117 2779 1188 2844 δια-

63 2861 172 2949 βόλου.
187 2851 308 2925 'Mattln
323 2866 374 2941 25,
396 2870 447 2924 11.
471 2866 568 2946 Apoc.
587 2882 637 2941 12,
659 2885 687 2944 7.
710 2864 812 2926 πῦον.
831 2884 879 2939 12,
903 2882 930 2940 7.
952 2861 1028 2948 Ἄγγ.
1050 2861 1188 2949 ἀβύσσου

64 2952 161 3032 Apoc.
177 2970 208 3029 9,
232 2969 278 3010 11.
300 2952 347 3009 e'st
364 2952 499 3032 augelus.
512 2953 629 3031 pestem
653 2972 694 3009 ex
713 2951 823 3010 inferis
838 2952 984 3011 educens.
1297 2941 1302 2956 '

143 3030 253 3118 Ἄγε,
275 3039 404 3117 proprie
423 3037 627 3117 imperativus
648 3037 737 3097 verbi
759 3031 839 3118 ἀγυι,
868 3036 982 3094 deinde
1001 3035 1190 3111 adverbiali.

64 3132 129 3182 ter:
151 3141 236 3201 age,
255 3120 417 3198 agedum,
440 3121 635 3203 quodetiam
656 3122 739 3200 apud
759 3121 907 3201 profanos
928 3120 968 3179 ad
988 3121 1096 3199 plures
1119 3123 1193 3204 (pro

64 3204 169 3293 ἀγοτα)
191 3208 325 3287 dicitnr,
346 3209 405 3268 lac.
422 3209 451 3288 t,
474 3207 521 3266 15.
544 3207 616 3281 5,1.
639 3202 751 3285 (ludio.
771 3225 819 3287 19,
842 3205 870 3264 6.
891 3224 910 3266 2
929 3205 1002 3285 Reg.
1018 3207 1047 3280 lt,
1065 3206 1131 3286 25.)
1146 3211 1193 3268 *ἦ

147 3290 310 3377 Ἀγέλη,
338 3296 395 3379 ης,
419 3289 458 3375 ἡ,
485 3311 587 3371 grcx5
616 3292 654 3351 de
673 3312 788 3373 pecore
813 3301 845 3352 et
864 3292 1052 3352 homiuibus.
1078 3324 1131 3340 -·
1155 3288 1194 3355 In

65 3378 105 3439 N.
120 3381 157 3441 T.
181 3381 221 3441 de
241 3379 343 3461 porcis
361 3381 520 3453 11111118,
543 3380 584 3438 5ο
599 3398 664 3456 sqq.
685 3378 777 3438 Marc.
794 3376 829 3454 5,
852 3397 900 3436 11.
926 3378 976 3441 15.
997 3379 1069 3439 Luc.
1086 3379 1120 3452 8,
1141 3378 1193 3441 32.

68 3464 120 3525 55.
140 3465 241 3541 (LXX
257 3486 315 3546 pro
332 3477 398 3546 ’,Ἥ
416 3484 428 3524 1
447 3465 529 3523 Sam.
546 3481 600 3541 17,
624 3465 674 3527 54.
691 3462 783 3524 Cant.
800 3464 828 3537 lt,
855 3463 897 3541 1.)
914 3461 939 3520 *.
1026 3520 1029 3529 ,

10 3552 15 3615 l
149 3546 512 3633 Ἀγενεαλόγτγτος,
543 3572 597 3624 ου,
631 3543 665 3624 ὃ,
701 3545 728 3625 ⁶,
755 3548 960 3630 genealogia
984 3567 1119 3623 carens,
1149 3546 1193 3607 ria

10 3628 16 3707 l
68 3636 332 3717 caiusprorapia
350 3633 602 3707 nicticoracem
624 3633 679 3717 (ex
693 3658 713 3696 α
727 3637 807 3714 priv.
824 3629 1073 3717 ctysrauloyc'ru).
1101 3636 1195 3714 Apud
1222 3712 1225 3717 Ι
1282 3660 1285 3665 ·

66 3723 216 3804 profanos
236 3743 303 3782 non
320 3722 447 3802 legitur.
468 3719 505 3782 Iu
521 3723 558 3783 N.
574 3721 611 3779 T.
639 3720 733 3781 Hebr.
751 3738 779 3799 7,
799 3721 829 3785 5.
857 3719 1103 3780 Melchisedecus
1123 3719 1196 3804 ἀγε-

69 3806 153 3873 νευλ.
175 3809 309 3880 dicitur,
329 3808 429 3887 quod,
457 3827 553 3886 quum
567 3805 889 3884 Cananaeus,.nequc
911 3806 1081 3865 secundum
1102 3826 1197 3885 praev

10 3958 12 3969 ¹
71 3904 197 3976 ceptum
224 3892 322 3954 Levit.
343 3912 401 3968 21,
425 3910 473 3953 10.
500 3886 765 3975 γενεαλογούμενος
794 3901 874 3950 cssnt
900 3891 934 3954 ἐκ
954 3891 1013 3953 τῶν
1038 3891 1134 3966 Aao'i',
1160 3903 1197 3953 ut
1227 3896 1232 3905 “

10 4028 12 4065 ,
69 4000 152 4042 vers.
172 3978 202 4037 6.
228 3979 358 4059 legitur,
384 3978 527 4038 sacerdos
549 3978 713 4039 videbatur
735 3997 800 4038 non
822 3997 863 4041 'ex
884 3977 1068 4038 armoricae
1091 3977 1197 4058 stirpis

10 4086 12 4103 ¹
71 4065 288 4138 sacerdotalis,
309 4065 362 4125 sed
378 4084 420 4123 ex
435 4064 494 4122 Dei
510 4063 622 4141 gratia.

10 4106 13 4197 l
157 4142 335 4231 Ἀγαυῆς,
358 4151 419 4225 ἕνα,
440 4143 458 4212 ὃ
469 4194 477 4223 ,
496 4144 532 4231 ἢ,
551 4144 641 4228 (exui
659 4148 740 4228 priv.
762 4155 793 4206 et
808 4145 907 4228 γένος)
924 4163 1048 4222 genere
1067 4166 1199 4222 carons,

67 4238 89 4297 i.
108 4258 137 4298 e.
159 4236 219 4295 nel
237 4236 357 4314 prolem
378 4255 443 4294 non
465 4234 599 4308 habens,
626 4233 684 4291 arel
701 4233 854 4292 maiorum
876 4233 1001 4292 nomino
1023 4233 1198 4307 destitutus,
1285 4256 1317 4293 ,¹

68 4325 89 4383 i.
105 4344 134 4381 e.
156 4322 247 4381 wic·
268 4321 399 4380 maiores
416 4329 488 4379 snut
502 4320 671 4400 ignobiles,
693 4319 825 4381 obscuri.
869 4316 966 4377 Hinc:
988 4317 1106 4381 branciis·
1121 4317 1197 4378 {ooo
1265 4329 1268 4332 ’
