<?xml version="1.0" encoding="UTF-8"?>
<!DOCTYPE html PUBLIC "-//W3C//DTD XHTML 1.0 Transitional//EN"
    "http://www.w3.org/TR/xhtml1/DTD/xhtml1-transitional.dtd">
<html xmlns="http://www.w3.org/1999/xhtml" xml:lang="en" lang="en">
 <head>
  <title>
</title>
<meta http-equiv="Content-Type" content="text/html;charset=utf-8" />
  <meta name='ocr-system' content='tesseract 3.04.00' />
  <meta name='ocr-capabilities' content='ocr_page ocr_carea ocr_par ocr_line ocrx_word'/>
</head>
<body>
  <div class='ocr_page' id='page_1' title='image "./lexiconmanualeg00bretgoog_0424.png"; bbox 0 0 2654 4786; ppageno 0'>
   <div class='ocr_carea' id='block_1_1' title="bbox 179 34 412 107">
    <p class='ocr_par' dir='ltr' id='par_1_1' title="bbox 179 34 412 107">
     <span class='ocr_line' id='line_1_1' title="bbox 179 34 412 107; baseline -0.004 1"><span class='ocrx_word' id='word_1_1' title='bbox 179 34 412 107; x_wconf 45' lang='lat' dir='ltr'><strong>¹..l</strong></span> 
     </span>
    </p>
   </div>
   <div class='ocr_carea' id='block_1_2' title="bbox 553 66 1323 179">
    <p class='ocr_par' dir='ltr' id='par_1_2' title="bbox 553 66 1323 179">
     <span class='ocr_line' id='line_1_2' title="bbox 553 66 1323 179; baseline -0.003 2"><span class='ocrx_word' id='word_1_2' title='bbox 553 80 724 171; x_wconf 67' lang='lat' dir='ltr'><strong>&#39;su&#39;</strong></span> <span class='ocrx_word' id='word_1_3' title='bbox 930 66 1323 179; x_wconf 50' lang='lat'><strong>1-&#39;-407·.</strong></span> 
     </span>
    </p>
   </div>
   <div class='ocr_carea' id='block_1_3' title="bbox 84 270 1321 359">
    <p class='ocr_par' dir='ltr' id='par_1_3' title="bbox 84 270 1321 359">
     <span class='ocr_line' id='line_1_3' title="bbox 84 270 1321 359; baseline 0.014 -28"><span class='ocrx_word' id='word_1_4' title='bbox 84 270 294 359; x_wconf 72' lang='lat' dir='ltr'><strong>intelligendi</strong></span> <span class='ocrx_word' id='word_1_5' title='bbox 314 274 479 357; x_wconf 81' lang='lat' dir='ltr'><strong>mysticum</strong></span> <span class='ocrx_word' id='word_1_6' title='bbox 504 295 627 339; x_wconf 76' lang='lat' dir='ltr'><strong>samum</strong></span> <span class='ocrx_word' id='word_1_7' title='bbox 646 280 681 338; x_wconf 91' lang='lat' dir='ltr'><strong>V.</strong></span> <span class='ocrx_word' id='word_1_8' title='bbox 703 278 739 338; x_wconf 92' lang='lat' dir='ltr'><strong>T.</strong></span> <span class='ocrx_word' id='word_1_9' title='bbox 766 297 783 339; x_wconf 82' lang='lat' dir='ltr'><strong>a</strong></span> <span class='ocrx_word' id='word_1_10' title='bbox 807 277 866 339; x_wconf 83' lang='lat' dir='ltr'><strong>deo</strong></span> <span class='ocrx_word' id='word_1_11' title='bbox 885 297 1064 341; x_wconf 81' lang='lat' dir='ltr'><strong>concessum</strong></span> <span class='ocrx_word' id='word_1_12' title='bbox 1086 279 1203 345; x_wconf 85' lang='lat' dir='ltr'><strong>dicitur</strong></span> <span class='ocrx_word' id='word_1_13' title='bbox 1236 348 1240 354; x_wconf 82' lang='grc'><strong>,</strong></span> <span class='ocrx_word' id='word_1_14' title='bbox 1308 272 1321 287; x_wconf 61' lang='grc'><strong>”</strong></span> 
     </span>
    </p>
   </div>
   <div class='ocr_carea' id='block_1_4' title="bbox 70 353 1276 2085">
    <p class='ocr_par' dir='ltr' id='par_1_4' title="bbox 85 353 1264 703">
     <span class='ocr_line' id='line_1_4' title="bbox 85 353 1201 447; baseline 0.004 -21"><span class='ocrx_word' id='word_1_15' title='bbox 85 353 266 441; x_wconf 53' lang='lat' dir='ltr'><strong>hippuros</strong></span> <span class='ocrx_word' id='word_1_16' title='bbox 284 356 382 440; x_wconf 79' lang='grc' dir='ltr'><strong>δωρεὰ</strong></span> <span class='ocrx_word' id='word_1_17' title='bbox 410 363 463 442; x_wconf 74' lang='grc' dir='ltr'><strong>τῆς</strong></span> <span class='ocrx_word' id='word_1_18' title='bbox 489 359 612 447; x_wconf 70' lang='grc' dir='ltr'><strong><em>διδαχῆς</em></strong></span> <span class='ocrx_word' id='word_1_19' title='bbox 641 364 695 427; x_wconf 77' lang='lat' dir='ltr'><strong>aad</strong></span> <span class='ocrx_word' id='word_1_20' title='bbox 719 363 823 445; x_wconf 80' lang='grc' dir='ltr'><strong>θεοῦ.)</strong></span> <span class='ocrx_word' id='word_1_21' title='bbox 864 362 926 424; x_wconf 79' lang='lat' dir='ltr'><strong>Atii</strong></span> <span class='ocrx_word' id='word_1_22' title='bbox 946 360 1039 447; x_wconf 78' lang='grc' dir='ltr'><strong><em>λόγον</em></strong></span> <span class='ocrx_word' id='word_1_23' title='bbox 1060 366 1201 431; x_wconf 80' lang='lat' dir='ltr'><strong>lacobl.</strong></span> 
     </span>
     <span class='ocr_line' id='line_1_5' title="bbox 86 442 1264 536; baseline 0.014 -35"><span class='ocrx_word' id='word_1_24' title='bbox 86 442 111 504; x_wconf 91' lang='lat' dir='ltr'><strong>l.</strong></span> <span class='ocrx_word' id='word_1_25' title='bbox 134 448 175 507; x_wconf 86' lang='lat' dir='ltr'><strong>ds</strong></span> <span class='ocrx_word' id='word_1_26' title='bbox 204 447 325 507; x_wconf 86' lang='lat' dir='ltr'><strong>ratione</strong></span> <span class='ocrx_word' id='word_1_27' title='bbox 350 444 524 510; x_wconf 91' lang='lat' dir='ltr'><strong>hominibus</strong></span> <span class='ocrx_word' id='word_1_28' title='bbox 548 450 642 509; x_wconf 85' lang='lat' dir='ltr'><strong>insita</strong></span> <span class='ocrx_word' id='word_1_29' title='bbox 671 450 851 530; x_wconf 80' lang='lat' dir='ltr'><strong>explicant3</strong></span> <span class='ocrx_word' id='word_1_30' title='bbox 883 459 914 510; x_wconf 91' lang='lat' dir='ltr'><strong>at</strong></span> <span class='ocrx_word' id='word_1_31' title='bbox 941 451 1000 513; x_wconf 87' lang='lat' dir='ltr'><strong>n&#39;ec</strong></span> <span class='ocrx_word' id='word_1_32' title='bbox 1027 449 1116 536; x_wconf 71' lang='grc' dir='ltr'><strong><em>λόγος</em></strong></span> <span class='ocrx_word' id='word_1_33' title='bbox 1139 476 1201 515; x_wconf 89' lang='lat' dir='ltr'><strong>un·</strong></span> <span class='ocrx_word' id='word_1_34' title='bbox 1260 508 1264 517; x_wconf 87' lang='grc'><strong>,</strong></span> 
     </span>
     <span class='ocr_line' id='line_1_6' title="bbox 89 532 1223 622; baseline 0.005 -27"><span class='ocrx_word' id='word_1_35' title='bbox 89 551 186 610; x_wconf 80' lang='lat' dir='ltr'><strong>quam</strong></span> <span class='ocrx_word' id='word_1_36' title='bbox 209 532 293 613; x_wconf 84' lang='lat' dir='ltr'><strong>apud</strong></span> <span class='ocrx_word' id='word_1_37' title='bbox 319 544 440 603; x_wconf 82' lang='lat' dir='ltr'><strong>nostros</strong></span> <span class='ocrx_word' id='word_1_38' title='bbox 465 545 513 595; x_wconf 84' lang='lat' dir='ltr'><strong>est</strong></span> <span class='ocrx_word' id='word_1_39' title='bbox 540 537 645 609; x_wconf 82' lang='lat' dir='ltr'><strong>ratio,</strong></span> <span class='ocrx_word' id='word_1_40' title='bbox 680 556 738 595; x_wconf 87' lang='lat' dir='ltr'><strong>nec</strong></span> <span class='ocrx_word' id='word_1_41' title='bbox 760 535 899 600; x_wconf 83' lang='lat' dir='ltr'><strong>additum</strong></span> <span class='ocrx_word' id='word_1_42' title='bbox 922 532 1086 622; x_wconf 74' lang='grc' dir='ltr'><strong>δέχεσθαι,</strong></span> <span class='ocrx_word' id='word_1_43' title='bbox 1117 540 1223 620; x_wconf 88' lang='lat' dir='ltr'><strong>quod·</strong></span> 
     </span>
     <span class='ocr_line' id='line_1_7' title="bbox 89 617 1093 703; baseline 0.006 -26"><span class='ocrx_word' id='word_1_44' title='bbox 89 617 129 677; x_wconf 84' lang='lat' dir='ltr'><strong>dc</strong></span> <span class='ocrx_word' id='word_1_45' title='bbox 153 621 265 678; x_wconf 90' lang='lat' dir='ltr'><strong>innato</strong></span> <span class='ocrx_word' id='word_1_46' title='bbox 287 620 350 680; x_wconf 88' lang='lat' dir='ltr'><strong>dici</strong></span> <span class='ocrx_word' id='word_1_47' title='bbox 373 640 438 679; x_wconf 88' lang='lat' dir='ltr'><strong>non</strong></span> <span class='ocrx_word' id='word_1_48' title='bbox 458 631 579 701; x_wconf 90' lang='lat' dir='ltr'><strong>potest,</strong></span> <span class='ocrx_word' id='word_1_49' title='bbox 601 622 689 680; x_wconf 86' lang='lat' dir='ltr'><strong>illam</strong></span> <span class='ocrx_word' id='word_1_50' title='bbox 708 622 945 703; x_wconf 79' lang='lat' dir='ltr'><strong>explicationem</strong></span> <span class='ocrx_word' id='word_1_51' title='bbox 966 624 1093 702; x_wconf 80' lang='lat' dir='ltr'><strong>patitur.</strong></span> 
     </span>
    </p>

    <p class='ocr_par' dir='ltr' id='par_1_5' title="bbox 70 701 1225 959">
     <span class='ocr_line' id='line_1_8' title="bbox 70 701 1198 804; baseline 0.001 -37"><span class='ocrx_word' id='word_1_52' title='bbox 70 712 76 721; x_wconf 93' lang='lat'>&#39;</span> <span class='ocrx_word' id='word_1_53' title='bbox 168 701 255 782; x_wconf 79' lang='grc' dir='ltr'><strong>Ἐκ,</strong></span> <span class='ocrx_word' id='word_1_54' title='bbox 281 705 489 786; x_wconf 77' lang='lat' dir='ltr'><strong>praepositio,</strong></span> <span class='ocrx_word' id='word_1_55' title='bbox 519 710 609 786; x_wconf 81' lang='lat' dir='ltr'><strong>quam</strong></span> <span class='ocrx_word' id='word_1_56' title='bbox 632 707 773 787; x_wconf 82' lang='lat' dir='ltr'><strong>sequitur</strong></span> <span class='ocrx_word' id='word_1_57' title='bbox 792 707 930 783; x_wconf 86' lang='lat' dir='ltr'><strong>dativus,</strong></span> <span class='ocrx_word' id='word_1_58' title='bbox 951 708 1036 770; x_wconf 85' lang='lat' dir='ltr'>hebr.</span> <span class='ocrx_word' id='word_1_59' title='bbox 1055 725 1090 804; x_wconf 62' lang='lat' dir='ltr'><strong>p,</strong></span> <span class='ocrx_word' id='word_1_60' title='bbox 1113 708 1198 769; x_wconf 90' lang='lat' dir='ltr'><strong>Lati-</strong></span> 
     </span>
     <span class='ocr_line' id='line_1_9' title="bbox 90 790 1198 869; baseline 0.005 -20"><span class='ocrx_word' id='word_1_61' title='bbox 90 808 157 849; x_wconf 86' lang='lat' dir='ltr'><strong>nor.</strong></span> <span class='ocrx_word' id='word_1_62' title='bbox 181 800 213 850; x_wconf 90' lang='lat' dir='ltr'><strong>et</strong></span> <span class='ocrx_word' id='word_1_63' title='bbox 233 800 375 853; x_wconf 87' lang='lat' dir='ltr'><strong>nostrum</strong></span> <span class='ocrx_word' id='word_1_64' title='bbox 401 794 449 852; x_wconf 78' lang='lat' dir='ltr'><strong>in.</strong></span> <span class='ocrx_word' id='word_1_65' title='bbox 492 790 567 853; x_wconf 86' lang='lat' dir='ltr'><strong>Eius</strong></span> <span class='ocrx_word' id='word_1_66' title='bbox 587 793 635 853; x_wconf 92' lang='lat' dir='ltr'><strong>vis</strong></span> <span class='ocrx_word' id='word_1_67' title='bbox 656 804 716 869; x_wconf 89' lang='lat' dir='ltr'><strong>ast,</strong></span> <span class='ocrx_word' id='word_1_68' title='bbox 747 803 784 852; x_wconf 90' lang='lat' dir='ltr'><strong>ut</strong></span> <span class='ocrx_word' id='word_1_69' title='bbox 804 793 923 853; x_wconf 79' lang='lat' dir='ltr'><strong>indicet</strong></span> <span class='ocrx_word' id='word_1_70' title='bbox 951 796 1198 855; x_wconf 86' lang='lat' dir='ltr'><strong>coniunctionem</strong></span> 
     </span>
     <span class='ocr_line' id='line_1_10' title="bbox 91 872 1225 959; baseline 0.007 -27"><span class='ocrx_word' id='word_1_71' title='bbox 91 877 266 952; x_wconf 79' lang='lat' dir='ltr'><strong>arctiorem,</strong></span> <span class='ocrx_word' id='word_1_72' title='bbox 288 877 308 936; x_wconf 91' lang='lat' dir='ltr'><strong>i.</strong></span> <span class='ocrx_word' id='word_1_73' title='bbox 320 899 345 942; x_wconf 87' lang='lat' dir='ltr'><strong>e.</strong></span> <span class='ocrx_word' id='word_1_74' title='bbox 361 879 414 936; x_wconf 84' lang='lat' dir='ltr'><strong>vel</strong></span> <span class='ocrx_word' id='word_1_75' title='bbox 426 872 699 959; x_wconf 68' lang='lat' dir='ltr'><strong>propinquitatem,</strong></span> <span class='ocrx_word' id='word_1_76' title='bbox 724 880 774 938; x_wconf 85' lang='lat' dir='ltr'><strong>vel</strong></span> <span class='ocrx_word' id='word_1_77' title='bbox 785 879 961 938; x_wconf 84' lang='lat' dir='ltr'><strong>societatem</strong></span> <span class='ocrx_word' id='word_1_78' title='bbox 972 891 1002 940; x_wconf 89' lang='lat' dir='ltr'><strong>et</strong></span> <span class='ocrx_word' id='word_1_79' title='bbox 1011 880 1198 957; x_wconf 89' lang='lat' dir='ltr'><strong>comitatum,</strong></span> <span class='ocrx_word' id='word_1_80' title='bbox 1221 908 1225 916; x_wconf 67' lang='lat'>¹</span> 
     </span>
    </p>

    <p class='ocr_par' dir='ltr' id='par_1_6' title="bbox 71 961 1212 1302">
     <span class='ocr_line' id='line_1_11' title="bbox 71 961 1212 1044; baseline 0.002 -21"><span class='ocrx_word' id='word_1_81' title='bbox 71 961 144 1023; x_wconf 80' lang='lat' dir='ltr'><strong>,vet</strong></span> <span class='ocrx_word' id='word_1_82' title='bbox 168 962 218 1034; x_wconf 89' lang='lat' dir='ltr'><strong>id,</strong></span> <span class='ocrx_word' id='word_1_83' title='bbox 251 984 312 1043; x_wconf 88' lang='lat' dir='ltr'><strong>quo</strong></span> <span class='ocrx_word' id='word_1_84' title='bbox 335 963 447 1042; x_wconf 87' lang='lat' dir='ltr'><strong>aliquis</strong></span> <span class='ocrx_word' id='word_1_85' title='bbox 469 966 674 1025; x_wconf 78' lang='lat' dir='ltr'><strong>circumdatus</strong></span> <span class='ocrx_word' id='word_1_86' title='bbox 701 975 765 1032; x_wconf 82' lang='lat' dir='ltr'><strong>est,</strong></span> <span class='ocrx_word' id='word_1_87' title='bbox 795 966 911 1044; x_wconf 91' lang='lat' dir='ltr'><strong>inquo</strong></span> <span class='ocrx_word' id='word_1_88' title='bbox 933 976 1082 1026; x_wconf 80' lang='lat' dir='ltr'><strong>versatur.</strong></span> <span class='ocrx_word' id='word_1_89' title='bbox 1126 965 1212 1033; x_wconf 65' lang='lat' dir='ltr'><strong>vid„</strong></span> 
     </span>
     <span class='ocr_line' id='line_1_12' title="bbox 93 1048 1196 1131; baseline 0.003 -28"><span class='ocrx_word' id='word_1_90' title='bbox 93 1048 248 1124; x_wconf 75' lang='lat' dir='ltr'><strong>omnino,</strong></span> <span class='ocrx_word' id='word_1_91' title='bbox 263 1059 387 1129; x_wconf 84' lang='lat' dir='ltr'><strong>praeter</strong></span> <span class='ocrx_word' id='word_1_92' title='bbox 408 1050 647 1127; x_wconf 81' lang='lat' dir='ltr'><strong>Grammaticos,</strong></span> <span class='ocrx_word' id='word_1_93' title='bbox 681 1050 795 1127; x_wconf 73' lang='lat' dir='ltr'><strong>Vigor.</strong></span> <span class='ocrx_word' id='word_1_94' title='bbox 822 1051 869 1114; x_wconf 84' lang='lat' dir='ltr'><strong>ad.</strong></span> <span class='ocrx_word' id='word_1_95' title='bbox 890 1051 1049 1109; x_wconf 81' lang='lat' dir='ltr'><strong>Hermon.</strong></span> <span class='ocrx_word' id='word_1_96' title='bbox 1080 1072 1110 1131; x_wconf 87' lang='lat' dir='ltr'><strong>p.</strong></span> <span class='ocrx_word' id='word_1_97' title='bbox 1134 1051 1196 1112; x_wconf 85' lang='lat'><strong>605</strong></span> 
     </span>
     <span class='ocr_line' id='line_1_13' title="bbox 94 1134 1196 1217; baseline 0.005 -27"><span class='ocrx_word' id='word_1_98' title='bbox 94 1140 124 1190; x_wconf 91' lang='lat' dir='ltr'><strong>et</strong></span> <span class='ocrx_word' id='word_1_99' title='bbox 135 1154 165 1214; x_wconf 90' lang='lat' dir='ltr'><strong>p.</strong></span> <span class='ocrx_word' id='word_1_100' title='bbox 174 1134 245 1193; x_wconf 85' lang='lat'><strong>858.</strong></span> <span class='ocrx_word' id='word_1_101' title='bbox 259 1167 301 1179; x_wconf 92' lang='lat'><em>-</em></span> <span class='ocrx_word' id='word_1_102' title='bbox 325 1135 426 1207; x_wconf 85' lang='lat' dir='ltr'><strong>Quum</strong></span> <span class='ocrx_word' id='word_1_103' title='bbox 445 1137 546 1198; x_wconf 86' lang='lat' dir='ltr'><strong>nostri</strong></span> <span class='ocrx_word' id='word_1_104' title='bbox 566 1157 792 1216; x_wconf 79' lang='lat' dir='ltr'><strong>nonnunquam</strong></span> <span class='ocrx_word' id='word_1_105' title='bbox 811 1147 979 1217; x_wconf 85' lang='lat' dir='ltr'><strong>sequantur</strong></span> <span class='ocrx_word' id='word_1_106' title='bbox 999 1157 1086 1196; x_wconf 85' lang='lat' dir='ltr'><strong>usum</strong></span> <span class='ocrx_word' id='word_1_107' title='bbox 1109 1136 1196 1196; x_wconf 86' lang='lat' dir='ltr'><strong>hebr.</strong></span> 
     </span>
     <span class='ocr_line' id='line_1_14' title="bbox 95 1219 1197 1302; baseline 0.003 -24"><span class='ocrx_word' id='word_1_108' title='bbox 95 1232 127 1292; x_wconf 76' lang='grc'><strong>1,</strong></span> <span class='ocrx_word' id='word_1_109' title='bbox 145 1219 197 1279; x_wconf 90' lang='lat' dir='ltr'><strong>cni</strong></span> <span class='ocrx_word' id='word_1_110' title='bbox 216 1220 251 1279; x_wconf 89' lang='lat' dir='ltr'><strong>in</strong></span> <span class='ocrx_word' id='word_1_111' title='bbox 273 1222 415 1281; x_wconf 78' lang='lat' dir='ltr'><strong>versione</strong></span> <span class='ocrx_word' id='word_1_112' title='bbox 434 1224 641 1283; x_wconf 83' lang='lat' dir='ltr'><strong>alexandrina</strong></span> <span class='ocrx_word' id='word_1_113' title='bbox 662 1223 796 1282; x_wconf 83' lang='lat' dir='ltr'><strong>maxime</strong></span> <span class='ocrx_word' id='word_1_114' title='bbox 811 1224 989 1302; x_wconf 83' lang='lat' dir='ltr'><strong>respondet,</strong></span> <span class='ocrx_word' id='word_1_115' title='bbox 1013 1243 1084 1281; x_wconf 89' lang='lat' dir='ltr'><strong>usus</strong></span> <span class='ocrx_word' id='word_1_116' title='bbox 1105 1221 1197 1281; x_wconf 90' lang='lat' dir='ltr'><strong>huius</strong></span> 
     </span>
    </p>

    <p class='ocr_par' dir='ltr' id='par_1_7' title="bbox 71 1306 1276 1457">
     <span class='ocr_line' id='line_1_15' title="bbox 71 1306 1196 1391; baseline 0.005 -31"><span class='ocrx_word' id='word_1_117' title='bbox 71 1306 324 1385; x_wconf 70' lang='lat' dir='ltr'><strong>praepositionis</strong></span> <span class='ocrx_word' id='word_1_118' title='bbox 344 1309 378 1366; x_wconf 93' lang='lat' dir='ltr'><strong>in</strong></span> <span class='ocrx_word' id='word_1_119' title='bbox 399 1308 437 1369; x_wconf 86' lang='lat' dir='ltr'><strong>N.</strong></span> <span class='ocrx_word' id='word_1_120' title='bbox 457 1308 494 1368; x_wconf 85' lang='lat' dir='ltr'><strong>T.</strong></span> <span class='ocrx_word' id='word_1_121' title='bbox 515 1309 609 1371; x_wconf 79' lang='lat' dir='ltr'><strong>latius.</strong></span> <span class='ocrx_word' id='word_1_122' title='bbox 627 1317 728 1390; x_wconf 83' lang='lat' dir='ltr'><strong>patet,</strong></span> <span class='ocrx_word' id='word_1_123' title='bbox 755 1328 848 1391; x_wconf 88' lang='lat' dir='ltr'><strong>quam</strong></span> <span class='ocrx_word' id='word_1_124' title='bbox 872 1307 954 1388; x_wconf 86' lang='lat' dir='ltr'><strong>apud</strong></span> <span class='ocrx_word' id='word_1_125' title='bbox 976 1309 1130 1388; x_wconf 81' lang='lat' dir='ltr'><strong>profanos.</strong></span> <span class='ocrx_word' id='word_1_126' title='bbox 1152 1340 1196 1354; x_wconf 95' lang='lat'>-</span> 
     </span>
     <span class='ocr_line' id='line_1_16' title="bbox 96 1386 1276 1457; baseline 0.007 -10"><span class='ocrx_word' id='word_1_127' title='bbox 96 1386 204 1453; x_wconf 79' lang='lat' dir='ltr'><strong>iudicat</strong></span> <span class='ocrx_word' id='word_1_128' title='bbox 222 1400 325 1453; x_wconf 86' lang='lat' dir='ltr'><strong>autam</strong></span> <span class='ocrx_word' id='word_1_129' title='bbox 344 1394 377 1457; x_wconf 78' lang='grc' dir='ltr'><strong>ἐκ</strong></span> <span class='ocrx_word' id='word_1_130' title='bbox 396 1395 431 1453; x_wconf 91' lang='lat' dir='ltr'><strong>in</strong></span> <span class='ocrx_word' id='word_1_131' title='bbox 453 1393 492 1457; x_wconf 86' lang='lat' dir='ltr'><strong>N.</strong></span> <span class='ocrx_word' id='word_1_132' title='bbox 507 1394 544 1453; x_wconf 87' lang='lat' dir='ltr'><strong>T.</strong></span> <span class='ocrx_word' id='word_1_133' title='bbox 959 1412 962 1417; x_wconf 89' lang='lat'>·</span> <span class='ocrx_word' id='word_1_134' title='bbox 1267 1388 1276 1403; x_wconf 87' lang='grc'><strong>’</strong></span> 
     </span>
    </p>

    <p class='ocr_par' dir='ltr' id='par_1_8' title="bbox 95 1475 1197 1822">
     <span class='ocr_line' id='line_1_17' title="bbox 173 1475 1195 1561; baseline -0.002 -26"><span class='ocrx_word' id='word_1_135' title='bbox 173 1479 207 1553; x_wconf 91' lang='grc' dir='ltr'><strong>ι)</strong></span> <span class='ocrx_word' id='word_1_136' title='bbox 226 1478 489 1557; x_wconf 76' lang='lat' dir='ltr'><strong>coniunctionem,</strong></span> <span class='ocrx_word' id='word_1_137' title='bbox 512 1499 591 1561; x_wconf 79' lang='lat' dir='ltr'><strong>quac</strong></span> <span class='ocrx_word' id='word_1_138' title='bbox 611 1479 747 1541; x_wconf 82' lang='lat' dir='ltr'><strong>refertur</strong></span> <span class='ocrx_word' id='word_1_139' title='bbox 766 1478 807 1538; x_wconf 84' lang='lat' dir='ltr'><strong>ad</strong></span> <span class='ocrx_word' id='word_1_140' title='bbox 829 1475 957 1536; x_wconf 88' lang='lat' dir='ltr'><strong>lccum:</strong></span> <span class='ocrx_word' id='word_1_141' title='bbox 980 1475 1036 1535; x_wconf 84' lang='lat' dir='ltr'><strong>ubi</strong></span> <span class='ocrx_word' id='word_1_142' title='bbox 1042 1501 1055 1552; x_wconf 94' lang='lat'><strong>,·</strong></span> <span class='ocrx_word' id='word_1_143' title='bbox 1075 1488 1107 1537; x_wconf 85' lang='lat' dir='ltr'><strong>at</strong></span> <span class='ocrx_word' id='word_1_144' title='bbox 1125 1475 1195 1556; x_wconf 88' lang='lat' dir='ltr'><strong>qui·</strong></span> 
     </span>
     <span class='ocr_line' id='line_1_18' title="bbox 100 1556 1197 1647; baseline 0.003 -25"><span class='ocrx_word' id='word_1_145' title='bbox 100 1556 158 1619; x_wconf 72' lang='lat' dir='ltr'><strong>dem</strong></span> <span class='ocrx_word' id='word_1_146' title='bbox 178 1564 212 1641; x_wconf 88' lang='lat' dir='ltr'><strong>a)</strong></span> <span class='ocrx_word' id='word_1_147' title='bbox 236 1564 275 1624; x_wconf 86' lang='lat' dir='ltr'><strong>ad</strong></span> <span class='ocrx_word' id='word_1_148' title='bbox 296 1565 399 1625; x_wconf 89' lang='lat' dir='ltr'><strong>locum</strong></span> <span class='ocrx_word' id='word_1_149' title='bbox 423 1566 553 1647; x_wconf 81' lang='lat' dir='ltr'><strong>proprio</strong></span> <span class='ocrx_word' id='word_1_150' title='bbox 574 1585 681 1637; x_wconf 86' lang='lat' dir='ltr'><strong>sensu,</strong></span> <span class='ocrx_word' id='word_1_151' title='bbox 705 1566 758 1623; x_wconf 90' lang='lat' dir='ltr'><strong>ubi</strong></span> <span class='ocrx_word' id='word_1_152' title='bbox 779 1573 825 1624; x_wconf 88' lang='lat' dir='ltr'><strong>est</strong></span> <span class='ocrx_word' id='word_1_153' title='bbox 845 1566 883 1639; x_wconf 88' lang='lat' dir='ltr'><strong>u)</strong></span> <span class='ocrx_word' id='word_1_154' title='bbox 906 1565 959 1634; x_wconf 81' lang='lat' dir='ltr'><strong>in,</strong></span> <span class='ocrx_word' id='word_1_155' title='bbox 988 1574 1128 1625; x_wconf 81' lang='lat' dir='ltr'><strong>nostrum</strong></span> <span class='ocrx_word' id='word_1_156' title='bbox 1151 1563 1197 1635; x_wconf 70' lang='lat' dir='ltr'><strong>in,</strong></span> 
     </span>
     <span class='ocr_line' id='line_1_19' title="bbox 95 1646 1195 1729; baseline -0.004 -20"><span class='ocrx_word' id='word_1_157' title='bbox 95 1646 164 1719; x_wconf 69' lang='grc' dir='ltr'><strong>Ισαί,</strong></span> <span class='ocrx_word' id='word_1_158' title='bbox 198 1658 231 1709; x_wconf 87' lang='lat' dir='ltr'><strong>et</strong></span> <span class='ocrx_word' id='word_1_159' title='bbox 250 1649 365 1729; x_wconf 74' lang='lat' dir='ltr'><strong>legitur</strong></span> <span class='ocrx_word' id='word_1_160' title='bbox 386 1652 477 1711; x_wconf 87' lang='lat' dir='ltr'><strong>etiam</strong></span> <span class='ocrx_word' id='word_1_161' title='bbox 501 1671 572 1711; x_wconf 91' lang='lat' dir='ltr'><strong>cum</strong></span> <span class='ocrx_word' id='word_1_162' title='bbox 592 1651 771 1711; x_wconf 85' lang='lat' dir='ltr'><strong>nominibus</strong></span> <span class='ocrx_word' id='word_1_163' title='bbox 790 1646 933 1725; x_wconf 71' lang='lat' dir='ltr'><strong>urbium,</strong></span> <span class='ocrx_word' id='word_1_164' title='bbox 966 1647 1120 1721; x_wconf 58' lang='lat' dir='ltr'><strong>Matthor,</strong></span> <span class='ocrx_word' id='word_1_165' title='bbox 1149 1648 1195 1706; x_wconf 84' lang='lat'><strong>18.</strong></span> 
     </span>
     <span class='ocr_line' id='line_1_20' title="bbox 97 1726 1197 1822; baseline 0.005 -30"><span class='ocrx_word' id='word_1_166' title='bbox 97 1726 202 1815; x_wconf 78' lang='grc' dir='ltr'><strong><em>ιίρὲθη</em></strong></span> <span class='ocrx_word' id='word_1_167' title='bbox 225 1733 258 1798; x_wconf 76' lang='grc' dir='ltr'><strong>ἐκ</strong></span> <span class='ocrx_word' id='word_1_168' title='bbox 280 1735 387 1822; x_wconf 68' lang='grc' dir='ltr'><strong>γαστρὶ</strong></span> <span class='ocrx_word' id='word_1_169' title='bbox 406 1739 524 1820; x_wconf 73' lang='grc' dir='ltr'><strong>ἔχουσα.</strong></span> <span class='ocrx_word' id='word_1_170' title='bbox 547 1756 576 1795; x_wconf 84' lang='lat' dir='ltr'><strong>v.</strong></span> <span class='ocrx_word' id='word_1_171' title='bbox 594 1754 644 1796; x_wconf 85' lang='lat'><strong>20.</strong></span> <span class='ocrx_word' id='word_1_172' title='bbox 666 1758 691 1795; x_wconf 89' lang='lat' dir='ltr'><strong>c.</strong></span> <span class='ocrx_word' id='word_1_173' title='bbox 710 1755 740 1812; x_wconf 88' lang='grc'><strong>2,</strong></span> <span class='ocrx_word' id='word_1_174' title='bbox 762 1755 787 1795; x_wconf 89' lang='grc'><strong>1.</strong></span> <span class='ocrx_word' id='word_1_175' title='bbox 808 1733 968 1816; x_wconf 65' lang='grc' dir='ltr'><strong><em>γεννηθείς</em></strong></span> <span class='ocrx_word' id='word_1_176' title='bbox 990 1734 1022 1797; x_wconf 81' lang='grc' dir='ltr'><strong>ἐκ</strong></span> <span class='ocrx_word' id='word_1_177' title='bbox 1036 1731 1197 1815; x_wconf 66' lang='grc' dir='ltr'><strong>Βηθλεέμ,</strong></span> 
     </span>
    </p>

    <p class='ocr_par' dir='ltr' id='par_1_9' title="bbox 85 1813 1195 1904">
     <span class='ocr_line' id='line_1_21' title="bbox 85 1813 1195 1904; baseline 0 -28"><span class='ocrx_word' id='word_1_178' title='bbox 85 1816 161 1893; x_wconf 68' lang='grc'><strong>;.4.</strong></span> <span class='ocrx_word' id='word_1_179' title='bbox 185 1821 213 1877; x_wconf 84' lang='lat'><strong>5.</strong></span> <span class='ocrx_word' id='word_1_180' title='bbox 235 1822 350 1901; x_wconf 82' lang='grc'><strong>1819.</strong></span> <span class='ocrx_word' id='word_1_181' title='bbox 373 1826 443 1900; x_wconf 77' lang='lat' dir='ltr'><strong>cla,</strong></span> <span class='ocrx_word' id='word_1_182' title='bbox 463 1821 509 1882; x_wconf 88' lang='grc'><strong>16.</strong></span> <span class='ocrx_word' id='word_1_183' title='bbox 531 1815 704 1904; x_wconf 63' lang='lat' dir='ltr'><strong>anticipatur</strong></span> <span class='ocrx_word' id='word_1_184' title='bbox 724 1823 757 1887; x_wconf 77' lang='lat' dir='ltr'><strong>is</strong></span> <span class='ocrx_word' id='word_1_185' title='bbox 772 1813 879 1886; x_wconf 77' lang='grc' dir='ltr'><strong><em>σκότει.</em></strong></span> <span class='ocrx_word' id='word_1_186' title='bbox 906 1839 930 1877; x_wconf 89' lang='lat' dir='ltr'><strong>c.</strong></span> <span class='ocrx_word' id='word_1_187' title='bbox 953 1838 981 1897; x_wconf 88' lang='grc'><strong>9,</strong></span> <span class='ocrx_word' id='word_1_188' title='bbox 1005 1821 1054 1879; x_wconf 82' lang='lat'><strong>31.</strong></span> <span class='ocrx_word' id='word_1_189' title='bbox 1071 1818 1122 1880; x_wconf 86' lang='grc'><strong>55.</strong></span> <span class='ocrx_word' id='word_1_190' title='bbox 1144 1821 1195 1892; x_wconf 89' lang='grc'><strong>24,</strong></span> 
     </span>
    </p>

    <p class='ocr_par' dir='ltr' id='par_1_10' title="bbox 72 1901 1195 1993">
     <span class='ocr_line' id='line_1_22' title="bbox 72 1901 1195 1993; baseline -0.014 -18"><span class='ocrx_word' id='word_1_191' title='bbox 72 1902 136 1993; x_wconf 60' lang='grc'><strong>745·</strong></span> <span class='ocrx_word' id='word_1_192' title='bbox 160 1902 391 1987; x_wconf 59' lang='grc'><strong>4411121957.</strong></span> <span class='ocrx_word' id='word_1_193' title='bbox 412 1906 444 1972; x_wconf 74' lang='grc' dir='ltr'><strong>ἔκ</strong></span> <span class='ocrx_word' id='word_1_194' title='bbox 465 1909 502 1984; x_wconf 79' lang='grc' dir='ltr'><strong>τῆ</strong></span> <span class='ocrx_word' id='word_1_195' title='bbox 520 1902 596 1989; x_wconf 73' lang='grc' dir='ltr'>δόξῃ</span> <span class='ocrx_word' id='word_1_196' title='bbox 616 1930 688 1979; x_wconf 87' lang='grc' dir='ltr'><strong>σου,</strong></span> <span class='ocrx_word' id='word_1_197' title='bbox 716 1910 752 1969; x_wconf 91' lang='lat' dir='ltr'><strong>in</strong></span> <span class='ocrx_word' id='word_1_198' title='bbox 773 1925 869 1986; x_wconf 76' lang='lat' dir='ltr'><strong>regno</strong></span> <span class='ocrx_word' id='word_1_199' title='bbox 887 1912 952 1965; x_wconf 89' lang='lat' dir='ltr'><strong>tuo.</strong></span> <span class='ocrx_word' id='word_1_200' title='bbox 981 1908 1122 1973; x_wconf 73' lang='lat' dir='ltr'><strong>Lunai,</strong></span> <span class='ocrx_word' id='word_1_201' title='bbox 1145 1901 1195 1960; x_wconf 96' lang='grc'><strong>25.</strong></span> 
     </span>
    </p>

    <p class='ocr_par' dir='ltr' id='par_1_11' title="bbox 72 1978 1194 2085">
     <span class='ocr_line' id='line_1_23' title="bbox 72 1978 1194 2085; baseline 0.001 -37"><span class='ocrx_word' id='word_1_202' title='bbox 72 1978 128 2085; x_wconf 77' lang='lat' dir='ltr'><strong>,ha</strong></span> <span class='ocrx_word' id='word_1_203' title='bbox 144 2008 170 2065; x_wconf 90' lang='lat'><strong>1,</strong></span> <span class='ocrx_word' id='word_1_204' title='bbox 188 1991 220 2051; x_wconf 89' lang='lat'><strong>5.</strong></span> <span class='ocrx_word' id='word_1_205' title='bbox 238 2009 284 2052; x_wconf 84' lang='lat'><strong>10.</strong></span> <span class='ocrx_word' id='word_1_206' title='bbox 307 1993 336 2069; x_wconf 82' lang='lat'><strong>6,</strong></span> <span class='ocrx_word' id='word_1_207' title='bbox 354 1995 403 2072; x_wconf 87' lang='lat'><strong>59.</strong></span> <span class='ocrx_word' id='word_1_208' title='bbox 424 1978 512 2057; x_wconf 80' lang='lat' dir='ltr'><strong>Rom.</strong></span> <span class='ocrx_word' id='word_1_209' title='bbox 531 2011 557 2066; x_wconf 90' lang='grc'><strong>1,</strong></span> <span class='ocrx_word' id='word_1_210' title='bbox 574 1995 602 2053; x_wconf 88' lang='grc'><strong>8.</strong></span> <span class='ocrx_word' id='word_1_211' title='bbox 625 1996 654 2067; x_wconf 93' lang='grc'><strong>8,</strong></span> <span class='ocrx_word' id='word_1_212' title='bbox 670 1996 720 2067; x_wconf 80' lang='grc'><strong>54.</strong></span> <span class='ocrx_word' id='word_1_213' title='bbox 744 2013 792 2069; x_wconf 91' lang='grc' dir='ltr'><strong>ιο,</strong></span> <span class='ocrx_word' id='word_1_214' title='bbox 808 2010 837 2070; x_wconf 88' lang='grc'><strong>9.</strong></span> <span class='ocrx_word' id='word_1_215' title='bbox 859 1981 1008 2054; x_wconf 77' lang='grc' dir='ltr'><strong><em>πιστεύειν</em></strong></span> <span class='ocrx_word' id='word_1_216' title='bbox 1029 1989 1063 2052; x_wconf 73' lang='grc' dir='ltr'><strong>ἐν</strong></span> <span class='ocrx_word' id='word_1_217' title='bbox 1078 1983 1194 2069; x_wconf 75' lang='grc' dir='ltr'><strong>καρδίᾳ.</strong></span> 
     </span>
    </p>
   </div>
   <div class='ocr_carea' id='block_1_5' title="bbox 79 2072 1318 2171">
    <p class='ocr_par' dir='ltr' id='par_1_12' title="bbox 79 2072 1318 2171">
     <span class='ocr_line' id='line_1_24' title="bbox 79 2072 1318 2171; baseline -0.003 -35"><span class='ocrx_word' id='word_1_218' title='bbox 79 2074 190 2171; x_wconf 63' lang='lat'><strong>3001.</strong></span> <span class='ocrx_word' id='word_1_219' title='bbox 213 2096 269 2151; x_wconf 82' lang='lat'><strong>12,</strong></span> <span class='ocrx_word' id='word_1_220' title='bbox 294 2097 322 2142; x_wconf 90' lang='grc'><strong>2.</strong></span> <span class='ocrx_word' id='word_1_221' title='bbox 351 2080 386 2144; x_wconf 73' lang='grc' dir='ltr'><strong>ἓν</strong></span> <span class='ocrx_word' id='word_1_222' title='bbox 406 2074 540 2161; x_wconf 76' lang='grc' dir='ltr'><strong>σώματι,</strong></span> <span class='ocrx_word' id='word_1_223' title='bbox 576 2089 715 2143; x_wconf 80' lang='lat' dir='ltr'><strong>versatus</strong></span> <span class='ocrx_word' id='word_1_224' title='bbox 737 2082 770 2139; x_wconf 88' lang='lat' dir='ltr'><strong>in</strong></span> <span class='ocrx_word' id='word_1_225' title='bbox 793 2095 925 2155; x_wconf 86' lang='lat' dir='ltr'><strong>corpore</strong></span> <span class='ocrx_word' id='word_1_226' title='bbox 945 2094 1011 2136; x_wconf 82' lang='lat' dir='ltr'><strong>suo.</strong></span> <span class='ocrx_word' id='word_1_227' title='bbox 1037 2106 1080 2118; x_wconf 92' lang='lat'><em>-</em></span> <span class='ocrx_word' id='word_1_228' title='bbox 1100 2072 1132 2139; x_wconf 80' lang='grc' dir='ltr'><strong>ἐν</strong></span> <span class='ocrx_word' id='word_1_229' title='bbox 1154 2072 1197 2153; x_wconf 71' lang='grc' dir='ltr'><strong>τῷ</strong></span> <span class='ocrx_word' id='word_1_230' title='bbox 1313 2082 1318 2095; x_wconf 97' lang='grc'>’</span> 
     </span>
    </p>
   </div>
   <div class='ocr_carea' id='block_1_6' title="bbox 75 2150 1310 4299">
    <p class='ocr_par' dir='ltr' id='par_1_13' title="bbox 75 2150 1275 2329">
     <span class='ocr_line' id='line_1_25' title="bbox 79 2150 1275 2243; baseline -0.006 -19"><span class='ocrx_word' id='word_1_231' title='bbox 79 2178 161 2243; x_wconf 75' lang='lat' dir='ltr'><strong>opst,</strong></span> <span class='ocrx_word' id='word_1_232' title='bbox 186 2164 222 2223; x_wconf 90' lang='lat' dir='ltr'><strong>in</strong></span> <span class='ocrx_word' id='word_1_233' title='bbox 245 2175 369 2239; x_wconf 84' lang='lat' dir='ltr'><strong>monte,</strong></span> <span class='ocrx_word' id='word_1_234' title='bbox 398 2165 439 2224; x_wconf 90' lang='lat' dir='ltr'><strong>lo.</strong></span> <span class='ocrx_word' id='word_1_235' title='bbox 457 2166 487 2240; x_wconf 93' lang='grc'><strong>4,</strong></span> <span class='ocrx_word' id='word_1_236' title='bbox 510 2183 559 2223; x_wconf 89' lang='grc' dir='ltr'><strong>2ο.</strong></span> <span class='ocrx_word' id='word_1_237' title='bbox 577 2182 628 2224; x_wconf 87' lang='grc'><strong>21.</strong></span> <span class='ocrx_word' id='word_1_238' title='bbox 659 2161 751 2223; x_wconf 89' lang='lat' dir='ltr'><strong>Hebr.</strong></span> <span class='ocrx_word' id='word_1_239' title='bbox 766 2167 795 2240; x_wconf 87' lang='lat'><strong>8,</strong></span> <span class='ocrx_word' id='word_1_240' title='bbox 817 2165 845 2223; x_wconf 83' lang='lat'><strong>5.</strong></span> <span class='ocrx_word' id='word_1_241' title='bbox 869 2178 898 2238; x_wconf 97' lang='grc'><strong>9,</strong></span> <span class='ocrx_word' id='word_1_242' title='bbox 926 2159 954 2218; x_wconf 81' lang='grc'><strong>5.</strong></span> <span class='ocrx_word' id='word_1_243' title='bbox 977 2158 1029 2223; x_wconf 85' lang='grc' dir='ltr'><strong>καί</strong></span> <span class='ocrx_word' id='word_1_244' title='bbox 1047 2157 1081 2221; x_wconf 70' lang='grc' dir='ltr'><strong>ἓν</strong></span> <span class='ocrx_word' id='word_1_245' title='bbox 1101 2150 1196 2236; x_wconf 78' lang='grc' dir='ltr'><strong><em>τούτῳ</em></strong></span> <span class='ocrx_word' id='word_1_246' title='bbox 1270 2184 1275 2196; x_wconf 53' lang='grc' dir='ltr'><strong>ι</strong></span> 
     </span>
     <span class='ocr_line' id='line_1_26' title="bbox 75 2242 1198 2329; baseline -0.004 -20"><span class='ocrx_word' id='word_1_247' title='bbox 75 2242 190 2323; x_wconf 65' lang='grc' dir='ltr'><strong>πάλιν,</strong></span> <span class='ocrx_word' id='word_1_248' title='bbox 221 2250 256 2308; x_wconf 92' lang='lat' dir='ltr'><strong>in</strong></span> <span class='ocrx_word' id='word_1_249' title='bbox 278 2250 386 2311; x_wconf 88' lang='lat' dir='ltr'><strong>eodem</strong></span> <span class='ocrx_word' id='word_1_250' title='bbox 408 2251 491 2312; x_wconf 87' lang='lat' dir='ltr'><strong>libro</strong></span> <span class='ocrx_word' id='word_1_251' title='bbox 511 2249 626 2309; x_wconf 86' lang='lat' dir='ltr'><strong>iterum</strong></span> <span class='ocrx_word' id='word_1_252' title='bbox 648 2249 770 2309; x_wconf 90' lang='lat' dir='ltr'><strong>dicitur.</strong></span> <span class='ocrx_word' id='word_1_253' title='bbox 793 2280 833 2293; x_wconf 90' lang='lat'><strong>--</strong></span> <span class='ocrx_word' id='word_1_254' title='bbox 858 2248 954 2329; x_wconf 79' lang='lat' dir='ltr'><strong>Apoc.</strong></span> <span class='ocrx_word' id='word_1_255' title='bbox 979 2263 1010 2318; x_wconf 91' lang='grc' dir='ltr'><strong>ι,</strong></span> <span class='ocrx_word' id='word_1_256' title='bbox 1035 2245 1063 2311; x_wconf 84' lang='grc'><strong>5,.</strong></span> <span class='ocrx_word' id='word_1_257' title='bbox 1093 2245 1142 2304; x_wconf 88' lang='grc'><strong>15.</strong></span> <span class='ocrx_word' id='word_1_258' title='bbox 1166 2242 1198 2304; x_wconf 78' lang='grc' dir='ltr'><strong>ἐν</strong></span> 
     </span>
    </p>

    <p class='ocr_par' dir='ltr' id='par_1_14' title="bbox 75 2328 1196 2420">
     <span class='ocr_line' id='line_1_27' title="bbox 75 2328 1196 2420; baseline -0.007 -28"><span class='ocrx_word' id='word_1_259' title='bbox 75 2333 173 2413; x_wconf 74' lang='grc' dir='ltr'><strong>μέσῳ,</strong></span> <span class='ocrx_word' id='word_1_260' title='bbox 194 2356 252 2414; x_wconf 87' lang='lat' dir='ltr'><strong>pro</strong></span> <span class='ocrx_word' id='word_1_261' title='bbox 273 2335 306 2398; x_wconf 79' lang='grc' dir='ltr'><strong>ἐκ</strong></span> <span class='ocrx_word' id='word_1_262' title='bbox 325 2335 470 2415; x_wconf 87' lang='lat' dir='ltr'><strong>simplici,</strong></span> <span class='ocrx_word' id='word_1_263' title='bbox 492 2333 600 2415; x_wconf 78' lang='lat' dir='ltr'><strong>(Deus.</strong></span> <span class='ocrx_word' id='word_1_264' title='bbox 617 2334 646 2412; x_wconf 93' lang='grc'><strong>4,</strong></span> <span class='ocrx_word' id='word_1_265' title='bbox 666 2337 713 2394; x_wconf 83' lang='grc'><strong>15.</strong></span> <span class='ocrx_word' id='word_1_266' title='bbox 738 2335 791 2392; x_wconf 90' lang='lat' dir='ltr'><strong>ubi</strong></span> <span class='ocrx_word' id='word_1_267' title='bbox 813 2332 847 2391; x_wconf 87' lang='lat' dir='ltr'><strong>in</strong></span> <span class='ocrx_word' id='word_1_268' title='bbox 868 2339 958 2391; x_wconf 85' lang='lat' dir='ltr'><strong>textu</strong></span> <span class='ocrx_word' id='word_1_269' title='bbox 980 2330 1066 2391; x_wconf 84' lang='lat' dir='ltr'><strong>hebr.</strong></span> <span class='ocrx_word' id='word_1_270' title='bbox 1082 2328 1196 2420; x_wconf 57' lang='lat' dir='ltr'><strong>hppp).</strong></span> 
     </span>
    </p>

    <p class='ocr_par' dir='ltr' id='par_1_15' title="bbox 75 2412 1198 2510">
     <span class='ocr_line' id='line_1_28' title="bbox 75 2412 1198 2510; baseline -0.012 -23"><span class='ocrx_word' id='word_1_271' title='bbox 75 2418 183 2496; x_wconf 65' lang='grc'><strong>«6900.</strong></span> <span class='ocrx_word' id='word_1_272' title='bbox 199 2423 229 2493; x_wconf 88' lang='grc'><strong>5,</strong></span> <span class='ocrx_word' id='word_1_273' title='bbox 244 2437 296 2489; x_wconf 84' lang='grc'><strong>21.</strong></span> <span class='ocrx_word' id='word_1_274' title='bbox 315 2422 446 2486; x_wconf 79' lang='grc' dir='ltr'><strong><em>καθίσαι</em></strong></span> <span class='ocrx_word' id='word_1_275' title='bbox 464 2423 497 2487; x_wconf 69' lang='grc' dir='ltr'><strong>ἐκ</strong></span> <span class='ocrx_word' id='word_1_276' title='bbox 516 2413 642 2504; x_wconf 74' lang='grc' dir='ltr'><strong>θρόνῳ,</strong></span> <span class='ocrx_word' id='word_1_277' title='bbox 669 2419 785 2481; x_wconf 88' lang='lat' dir='ltr'><strong>throno</strong></span> <span class='ocrx_word' id='word_1_278' title='bbox 806 2415 952 2481; x_wconf 78' lang='lat' dir='ltr'><strong>insidere.</strong></span> <span class='ocrx_word' id='word_1_279' title='bbox 977 2435 1006 2481; x_wconf 78' lang='lat' dir='ltr'><strong>c.</strong></span> <span class='ocrx_word' id='word_1_280' title='bbox 1024 2432 1073 2491; x_wconf 91' lang='grc' dir='ltr'><strong>ιι,</strong></span> <span class='ocrx_word' id='word_1_281' title='bbox 1092 2431 1140 2473; x_wconf 85' lang='grc'><strong>12.</strong></span> <span class='ocrx_word' id='word_1_282' title='bbox 1165 2412 1198 2510; x_wconf 68' lang='lat' dir='ltr'><strong>ir</strong></span> 
     </span>
    </p>

    <p class='ocr_par' dir='ltr' id='par_1_16' title="bbox 80 2497 1196 2586">
     <span class='ocr_line' id='line_1_29' title="bbox 80 2497 1196 2586; baseline -0.012 -20"><span class='ocrx_word' id='word_1_283' title='bbox 80 2505 123 2584; x_wconf 67' lang='lat' dir='ltr'><strong>&#39;lp</strong></span> <span class='ocrx_word' id='word_1_284' title='bbox 143 2504 273 2586; x_wconf 74' lang='grc' dir='ltr'><strong>κεφέλη,</strong></span> <span class='ocrx_word' id='word_1_285' title='bbox 301 2508 322 2565; x_wconf 86' lang='lat' dir='ltr'><strong>i.</strong></span> <span class='ocrx_word' id='word_1_286' title='bbox 343 2528 369 2567; x_wconf 89' lang='lat' dir='ltr'><strong>e.</strong></span> <span class='ocrx_word' id='word_1_287' title='bbox 391 2511 474 2567; x_wconf 89' lang='lat' dir='ltr'><strong>nube</strong></span> <span class='ocrx_word' id='word_1_288' title='bbox 496 2507 587 2577; x_wconf 88' lang='lat' dir='ltr'><strong>tecti,</strong></span> <span class='ocrx_word' id='word_1_289' title='bbox 620 2506 703 2566; x_wconf 87' lang='lat' dir='ltr'><strong>nubs</strong></span> <span class='ocrx_word' id='word_1_290' title='bbox 725 2501 953 2565; x_wconf 79' lang='lat' dir='ltr'><strong>circumvoluti.</strong></span> <span class='ocrx_word' id='word_1_291' title='bbox 974 2533 1018 2546; x_wconf 90' lang='lat'>-</span> <span class='ocrx_word' id='word_1_292' title='bbox 1045 2497 1196 2576; x_wconf 85' lang='lat' dir='ltr'><strong>Saepissr-</strong></span> 
     </span>
    </p>

    <p class='ocr_par' dir='ltr' id='par_1_17' title="bbox 84 2577 1197 2676">
     <span class='ocr_line' id='line_1_30' title="bbox 84 2577 1197 2676; baseline -0.009 -24"><span class='ocrx_word' id='word_1_293' title='bbox 84 2610 147 2651; x_wconf 77' lang='lat' dir='ltr'><strong>ane.</strong></span> <span class='ocrx_word' id='word_1_294' title='bbox 164 2624 206 2635; x_wconf 92' lang='lat'>-</span> <span class='ocrx_word' id='word_1_295' title='bbox 228 2577 267 2676; x_wconf 70' lang='lat' dir='ltr'><strong>pi)</strong></span> <span class='ocrx_word' id='word_1_296' title='bbox 289 2593 394 2665; x_wconf 75' lang='lat' dir='ltr'><strong>iuxta,</strong></span> <span class='ocrx_word' id='word_1_297' title='bbox 411 2611 528 2674; x_wconf 80' lang='lat' dir='ltr'><strong>prope,</strong></span> <span class='ocrx_word' id='word_1_298' title='bbox 551 2589 615 2669; x_wconf 73' lang='lat' dir='ltr'><strong>ad,</strong></span> <span class='ocrx_word' id='word_1_299' title='bbox 643 2591 717 2653; x_wconf 89' lang='lat' dir='ltr'><strong>Luc.</strong></span> <span class='ocrx_word' id='word_1_300' title='bbox 739 2593 786 2670; x_wconf 86' lang='grc'><strong>15,</strong></span> <span class='ocrx_word' id='word_1_301' title='bbox 805 2590 836 2650; x_wconf 88' lang='grc'><strong>4.</strong></span> <span class='ocrx_word' id='word_1_302' title='bbox 857 2581 874 2652; x_wconf 82' lang='grc' dir='ltr'><strong>ὅ</strong></span> <span class='ocrx_word' id='word_1_303' title='bbox 895 2580 1010 2670; x_wconf 66' lang='grc' dir='ltr'><strong>πύργος</strong></span> <span class='ocrx_word' id='word_1_304' title='bbox 1030 2585 1062 2648; x_wconf 80' lang='grc' dir='ltr'><strong>ἐν</strong></span> <span class='ocrx_word' id='word_1_305' title='bbox 1081 2588 1122 2664; x_wconf 80' lang='grc' dir='ltr'><strong>τῷ</strong></span> <span class='ocrx_word' id='word_1_306' title='bbox 1141 2586 1197 2649; x_wconf 82' lang='grc' dir='ltr'><strong>Σι-</strong></span> 
     </span>
    </p>

    <p class='ocr_par' dir='ltr' id='par_1_18' title="bbox 86 2666 1227 2846">
     <span class='ocr_line' id='line_1_31' title="bbox 86 2666 1227 2757; baseline -0.014 -18"><span class='ocrx_word' id='word_1_307' title='bbox 86 2666 189 2756; x_wconf 66' lang='lat' dir='ltr'><strong>incip,</strong></span> <span class='ocrx_word' id='word_1_308' title='bbox 216 2678 310 2739; x_wconf 88' lang='lat' dir='ltr'><strong>turris</strong></span> <span class='ocrx_word' id='word_1_309' title='bbox 339 2680 376 2737; x_wconf 87' lang='lat' dir='ltr'><strong>ad</strong></span> <span class='ocrx_word' id='word_1_310' title='bbox 400 2681 519 2738; x_wconf 74' lang='lat' dir='ltr'><strong>iontem</strong></span> <span class='ocrx_word' id='word_1_311' title='bbox 543 2677 668 2737; x_wconf 88' lang='lat' dir='ltr'><strong>Siloam.</strong></span> <span class='ocrx_word' id='word_1_312' title='bbox 712 2674 772 2757; x_wconf 87' lang='lat' dir='ltr'><strong>(De</strong></span> <span class='ocrx_word' id='word_1_313' title='bbox 794 2675 997 2735; x_wconf 87' lang='lat' dir='ltr'><strong>munimentis</strong></span> <span class='ocrx_word' id='word_1_314' title='bbox 1021 2673 1102 2730; x_wconf 90' lang='lat' dir='ltr'><strong>circa</strong></span> <span class='ocrx_word' id='word_1_315' title='bbox 1125 2669 1198 2725; x_wconf 87' lang='lat' dir='ltr'><strong>son·</strong></span> <span class='ocrx_word' id='word_1_316' title='bbox 1222 2700 1227 2715; x_wconf 64' lang='grc' dir='ltr'>ι</span> 
     </span>
     <span class='ocr_line' id='line_1_32' title="bbox 86 2752 1199 2846; baseline -0.006 -27"><span class='ocrx_word' id='word_1_317' title='bbox 86 2770 149 2820; x_wconf 89' lang='lat' dir='ltr'><strong>tem</strong></span> <span class='ocrx_word' id='word_1_318' title='bbox 169 2762 262 2822; x_wconf 87' lang='lat' dir='ltr'><strong>illum</strong></span> <span class='ocrx_word' id='word_1_319' title='bbox 281 2762 343 2821; x_wconf 82' lang='lat' dir='ltr'><strong>rid.</strong></span> <span class='ocrx_word' id='word_1_320' title='bbox 374 2763 492 2846; x_wconf 83' lang='lat' dir='ltr'><strong>loseph.</strong></span> <span class='ocrx_word' id='word_1_321' title='bbox 507 2765 547 2825; x_wconf 85' lang='lat' dir='ltr'><strong>tle</strong></span> <span class='ocrx_word' id='word_1_322' title='bbox 564 2764 637 2823; x_wconf 83' lang='lat' dir='ltr'><strong>bell.</strong></span> <span class='ocrx_word' id='word_1_323' title='bbox 659 2761 724 2823; x_wconf 90' lang='lat' dir='ltr'><strong>iud.</strong></span> <span class='ocrx_word' id='word_1_324' title='bbox 742 2764 772 2835; x_wconf 90' lang='lat'><strong>5,</strong></span> <span class='ocrx_word' id='word_1_325' title='bbox 798 2762 826 2821; x_wconf 88' lang='grc'><strong>4.</strong></span> <span class='ocrx_word' id='word_1_326' title='bbox 847 2760 889 2835; x_wconf 84' lang='grc'><strong>1.)</strong></span> <span class='ocrx_word' id='word_1_327' title='bbox 910 2759 951 2822; x_wconf 87' lang='lat' dir='ltr'><strong>lo.</strong></span> <span class='ocrx_word' id='word_1_328' title='bbox 971 2758 1004 2828; x_wconf 86' lang='lat'><strong>8,</strong></span> <span class='ocrx_word' id='word_1_329' title='bbox 1029 2774 1080 2817; x_wconf 79' lang='lat'><strong>20·</strong></span> <span class='ocrx_word' id='word_1_330' title='bbox 1103 2753 1135 2818; x_wconf 74' lang='grc' dir='ltr'><strong>ἓν</strong></span> <span class='ocrx_word' id='word_1_331' title='bbox 1157 2752 1199 2833; x_wconf 75' lang='grc' dir='ltr'><strong>τῷ</strong></span> 
     </span>
    </p>

    <p class='ocr_par' dir='ltr' id='par_1_19' title="bbox 83 2840 1310 4299">
     <span class='ocr_line' id='line_1_33' title="bbox 83 2840 1278 2932; baseline -0.013 -22"><span class='ocrx_word' id='word_1_332' title='bbox 83 2845 192 2931; x_wconf 68' lang='grc' dir='ltr'><strong>γαζοφ.</strong></span> <span class='ocrx_word' id='word_1_333' title='bbox 214 2849 247 2913; x_wconf 78' lang='grc' dir='ltr'><strong>ἐκ</strong></span> <span class='ocrx_word' id='word_1_334' title='bbox 268 2850 311 2931; x_wconf 71' lang='lat' dir='ltr'><strong>cipi</strong></span> <span class='ocrx_word' id='word_1_335' title='bbox 332 2851 417 2932; x_wconf 78' lang='grc' dir='ltr'><strong>ἱερῷ,</strong></span> <span class='ocrx_word' id='word_1_336' title='bbox 444 2853 465 2910; x_wconf 93' lang='lat' dir='ltr'><strong>i.</strong></span> <span class='ocrx_word' id='word_1_337' title='bbox 481 2872 507 2914; x_wconf 85' lang='lat' dir='ltr'><strong>a.</strong></span> <span class='ocrx_word' id='word_1_338' title='bbox 529 2849 619 2909; x_wconf 85' lang='lat' dir='ltr'><strong>iuxta</strong></span> <span class='ocrx_word' id='word_1_339' title='bbox 638 2845 889 2928; x_wconf 79' lang='lat' dir='ltr'><strong>gazophylacium</strong></span> <span class='ocrx_word' id='word_1_340' title='bbox 913 2862 1010 2922; x_wconf 86' lang='lat' dir='ltr'><strong>propo</strong></span> <span class='ocrx_word' id='word_1_341' title='bbox 1036 2840 1197 2917; x_wconf 84' lang='lat' dir='ltr'><strong>templum.</strong></span> <span class='ocrx_word' id='word_1_342' title='bbox 1273 2898 1278 2905; x_wconf 71' lang='grc'><strong>,</strong></span> 
     </span>
     <span class='ocr_line' id='line_1_34' title="bbox 85 2922 1198 3020; baseline -0.007 -28"><span class='ocrx_word' id='word_1_343' title='bbox 85 2953 112 2992; x_wconf 91' lang='lat' dir='ltr'><strong>c.</strong></span> <span class='ocrx_word' id='word_1_344' title='bbox 135 2932 184 3008; x_wconf 86' lang='lat' dir='ltr'><strong>i0,</strong></span> <span class='ocrx_word' id='word_1_345' title='bbox 212 2935 263 2993; x_wconf 86' lang='grc'><strong>25.</strong></span> <span class='ocrx_word' id='word_1_346' title='bbox 284 2937 315 2999; x_wconf 76' lang='lat' dir='ltr'><strong>is</strong></span> <span class='ocrx_word' id='word_1_347' title='bbox 334 2934 376 3016; x_wconf 70' lang='grc' dir='ltr'><strong>τῷ</strong></span> <span class='ocrx_word' id='word_1_348' title='bbox 397 2932 482 3019; x_wconf 78' lang='grc' dir='ltr'><strong>ἱερῷ,</strong></span> <span class='ocrx_word' id='word_1_349' title='bbox 512 2934 601 2995; x_wconf 83' lang='lat' dir='ltr'><strong>iuxta</strong></span> <span class='ocrx_word' id='word_1_350' title='bbox 627 2936 786 3014; x_wconf 87' lang='lat' dir='ltr'><strong>templum.</strong></span> <span class='ocrx_word' id='word_1_351' title='bbox 813 2961 853 2978; x_wconf 90' lang='lat'><strong>·-</strong></span> <span class='ocrx_word' id='word_1_352' title='bbox 882 2928 1023 3003; x_wconf 75' lang='grc' dir='ltr'><strong><em>καθίζειν</em></strong></span> <span class='ocrx_word' id='word_1_353' title='bbox 1051 2927 1083 2989; x_wconf 81' lang='lat' dir='ltr'><strong>s&#39;s</strong></span> <span class='ocrx_word' id='word_1_354' title='bbox 1105 2922 1198 3020; x_wconf 73' lang='grc' dir='ltr'><strong>δεξιᾷ,</strong></span> 
     </span>
     <span class='ocr_line' id='line_1_35' title="bbox 84 3010 1197 3110; baseline -0.014 -31"><span class='ocrx_word' id='word_1_355' title='bbox 84 3019 124 3079; x_wconf 86' lang='lat' dir='ltr'><strong>ad</strong></span> <span class='ocrx_word' id='word_1_356' title='bbox 146 3021 294 3081; x_wconf 86' lang='lat' dir='ltr'><strong>dextram</strong></span> <span class='ocrx_word' id='word_1_357' title='bbox 318 3019 442 3095; x_wconf 88' lang='lat' dir='ltr'><strong>sedere,</strong></span> <span class='ocrx_word' id='word_1_358' title='bbox 477 3021 569 3090; x_wconf 83' lang='lat' dir='ltr'><strong>Hebr.</strong></span> <span class='ocrx_word' id='word_1_359' title='bbox 595 3038 629 3093; x_wconf 88' lang='grc'><strong>1,</strong></span> <span class='ocrx_word' id='word_1_360' title='bbox 654 3019 684 3077; x_wconf 89' lang='grc'><strong>5.</strong></span> <span class='ocrx_word' id='word_1_361' title='bbox 714 3023 759 3092; x_wconf 90' lang='lat'><strong>8,··</strong></span> <span class='ocrx_word' id='word_1_362' title='bbox 782 3033 807 3074; x_wconf 90' lang='grc'><strong>1.</strong></span> <span class='ocrx_word' id='word_1_363' title='bbox 840 3029 895 3088; x_wconf 82' lang='grc' dir='ltr'><strong>ιο,</strong></span> <span class='ocrx_word' id='word_1_364' title='bbox 923 3030 1031 3110; x_wconf 41' lang='grc' dir='ltr'><strong>ι2..-·</strong></span> <span class='ocrx_word' id='word_1_365' title='bbox 1059 3010 1197 3105; x_wconf 66' lang='lat' dir='ltr'><strong>Saep1us,</strong></span> 
     </span>
     <span class='ocr_line' id='line_1_36' title="bbox 85 3093 1198 3186; baseline -0.011 -25"><span class='ocrx_word' id='word_1_366' title='bbox 85 3105 248 3186; x_wconf 81' lang='lat' dir='ltr'><strong>(Xenoph.</strong></span> <span class='ocrx_word' id='word_1_367' title='bbox 265 3105 344 3165; x_wconf 81' lang='lat' dir='ltr'><strong>tlelt.</strong></span> <span class='ocrx_word' id='word_1_368' title='bbox 364 3125 392 3183; x_wconf 82' lang='lat'><strong>7,</strong></span> <span class='ocrx_word' id='word_1_369' title='bbox 409 3109 438 3170; x_wconf 84' lang='lat'><strong>5.</strong></span> <span class='ocrx_word' id='word_1_370' title='bbox 459 3111 505 3165; x_wconf 88' lang='lat'><strong>18.</strong></span> <span class='ocrx_word' id='word_1_371' title='bbox 530 3125 542 3163; x_wconf 88' lang='lat'>1</span> <span class='ocrx_word' id='word_1_372' title='bbox 559 3106 640 3164; x_wconf 85' lang='lat' dir='ltr'><strong>Sam.</strong></span> <span class='ocrx_word' id='word_1_373' title='bbox 659 3103 706 3177; x_wconf 82' lang='grc'><strong>15,</strong></span> <span class='ocrx_word' id='word_1_374' title='bbox 722 3100 766 3179; x_wconf 87' lang='grc'><strong>4.)</strong></span> <span class='ocrx_word' id='word_1_375' title='bbox 789 3132 829 3144; x_wconf 89' lang='lat'>-</span> <span class='ocrx_word' id='word_1_376' title='bbox 858 3099 894 3177; x_wconf 86' lang='lat' dir='ltr'><strong>b)</strong></span> <span class='ocrx_word' id='word_1_377' title='bbox 914 3099 954 3158; x_wconf 86' lang='lat' dir='ltr'><strong>ad</strong></span> <span class='ocrx_word' id='word_1_378' title='bbox 975 3093 1008 3154; x_wconf 84' lang='lat' dir='ltr'><strong>td</strong></span> <span class='ocrx_word' id='word_1_379' title='bbox 1030 3095 1112 3174; x_wconf 86' lang='lat' dir='ltr'><strong>quod</strong></span> <span class='ocrx_word' id='word_1_380' title='bbox 1136 3095 1198 3151; x_wconf 80' lang='lat' dir='ltr'><strong>loct</strong></span> 
     </span>
     <span class='ocr_line' id='line_1_37' title="bbox 84 3179 1199 3265; baseline -0.012 -17"><span class='ocrx_word' id='word_1_381' title='bbox 84 3190 188 3251; x_wconf 83' lang='lat' dir='ltr'><strong>instar</strong></span> <span class='ocrx_word' id='word_1_382' title='bbox 210 3203 273 3265; x_wconf 89' lang='lat' dir='ltr'><strong>est,</strong></span> <span class='ocrx_word' id='word_1_383' title='bbox 303 3203 339 3249; x_wconf 90' lang='lat' dir='ltr'><strong>ut</strong></span> <span class='ocrx_word' id='word_1_384' title='bbox 360 3197 396 3262; x_wconf 83' lang='grc' dir='ltr'><strong>α)</strong></span> <span class='ocrx_word' id='word_1_385' title='bbox 416 3192 454 3251; x_wconf 83' lang='lat' dir='ltr'><strong>ed</strong></span> <span class='ocrx_word' id='word_1_386' title='bbox 477 3189 727 3265; x_wconf 71' lang='lat' dir='ltr'><strong>multitudinem,</strong></span> <span class='ocrx_word' id='word_1_387' title='bbox 757 3186 810 3244; x_wconf 87' lang='lat' dir='ltr'><strong>ubi</strong></span> <span class='ocrx_word' id='word_1_388' title='bbox 833 3195 895 3244; x_wconf 85' lang='lat' dir='ltr'><strong>est:</strong></span> <span class='ocrx_word' id='word_1_389' title='bbox 916 3184 1021 3251; x_wconf 84' lang='lat' dir='ltr'><strong>incer,</strong></span> <span class='ocrx_word' id='word_1_390' title='bbox 1050 3179 1154 3238; x_wconf 87' lang='lat' dir='ltr'><strong>Matth.</strong></span> <span class='ocrx_word' id='word_1_391' title='bbox 1171 3197 1199 3251; x_wconf 86' lang='lat'><strong>2,</strong></span> 
     </span>
     <span class='ocr_line' id='line_1_38' title="bbox 87 3261 1310 3360; baseline -0.014 -19"><span class='ocrx_word' id='word_1_392' title='bbox 87 3274 117 3335; x_wconf 82' lang='grc'><strong>6.</strong></span> <span class='ocrx_word' id='word_1_393' title='bbox 138 3277 281 3359; x_wconf 74' lang='grc' dir='ltr'><strong><em>ἐλαχίστη</em></strong></span> <span class='ocrx_word' id='word_1_394' title='bbox 302 3276 335 3341; x_wconf 75' lang='grc' dir='ltr'><strong>ἐκ</strong></span> <span class='ocrx_word' id='word_1_395' title='bbox 360 3285 420 3349; x_wconf 83' lang='grc' dir='ltr'><strong><em>ταῖς</em></strong></span> <span class='ocrx_word' id='word_1_396' title='bbox 448 3269 591 3360; x_wconf 68' lang='grc' dir='ltr'><strong>ἡγεμόσιν</strong></span> <span class='ocrx_word' id='word_1_397' title='bbox 615 3267 733 3338; x_wconf 79' lang='grc' dir='ltr'><strong>Ἰούδα.</strong></span> <span class='ocrx_word' id='word_1_398' title='bbox 764 3293 788 3333; x_wconf 87' lang='lat' dir='ltr'><strong>c.</strong></span> <span class='ocrx_word' id='word_1_399' title='bbox 807 3286 935 3342; x_wconf 85' lang='grc' dir='ltr'><strong>ιι,·11.</strong></span> <span class='ocrx_word' id='word_1_400' title='bbox 965 3266 1037 3326; x_wconf 85' lang='lat' dir='ltr'><strong>Luc</strong></span> <span class='ocrx_word' id='word_1_401' title='bbox 1055 3285 1093 3342; x_wconf 85' lang='lat'><strong>7,</strong></span> <span class='ocrx_word' id='word_1_402' title='bbox 1114 3263 1142 3320; x_wconf 89' lang='grc'><strong>6.</strong></span> <span class='ocrx_word' id='word_1_403' title='bbox 1167 3261 1200 3325; x_wconf 76' lang='grc' dir='ltr'><strong>ἐκ</strong></span> <span class='ocrx_word' id='word_1_404' title='bbox 1270 3346 1276 3355; x_wconf 68' lang='lat'><strong>.</strong></span> <span class='ocrx_word' id='word_1_405' title='bbox 1304 3304 1310 3309; x_wconf 91' lang='lat'>-</span> 
     </span>
     <span class='ocr_line' id='line_1_39' title="bbox 84 3346 1200 3453; baseline -0.017 -27"><span class='ocrx_word' id='word_1_406' title='bbox 84 3360 179 3443; x_wconf 73' lang='lat' dir='ltr'><strong>riuis,</strong></span> <span class='ocrx_word' id='word_1_407' title='bbox 209 3364 379 3422; x_wconf 84' lang='lat' dir='ltr'><strong>internos.</strong></span> <span class='ocrx_word' id='word_1_408' title='bbox 405 3362 447 3425; x_wconf 88' lang='lat' dir='ltr'><strong>Io.</strong></span> <span class='ocrx_word' id='word_1_409' title='bbox 468 3382 500 3437; x_wconf 90' lang='lat' dir='ltr'><strong>r,</strong></span> <span class='ocrx_word' id='word_1_410' title='bbox 526 3362 574 3421; x_wconf 91' lang='grc' dir='ltr'><strong>ι4.</strong></span> <span class='ocrx_word' id='word_1_411' title='bbox 602 3360 669 3418; x_wconf 81' lang='lat' dir='ltr'><strong>Act.</strong></span> <span class='ocrx_word' id='word_1_412' title='bbox 688 3362 725 3433; x_wconf 90' lang='grc'><strong>4,</strong></span> <span class='ocrx_word' id='word_1_413' title='bbox 748 3360 798 3418; x_wconf 84' lang='grc'><strong>54.</strong></span> <span class='ocrx_word' id='word_1_414' title='bbox 829 3355 916 3414; x_wconf 87' lang='lat' dir='ltr'><strong>Rom.</strong></span> <span class='ocrx_word' id='word_1_415' title='bbox 938 3372 971 3419; x_wconf 88' lang='grc' dir='ltr'><strong>ι.</strong></span> <span class='ocrx_word' id='word_1_416' title='bbox 990 3351 1022 3453; x_wconf 71' lang='grc'><strong>6</strong></span> <span class='ocrx_word' id='word_1_417' title='bbox 1042 3348 1074 3413; x_wconf 82' lang='grc' dir='ltr'><strong>ἒν</strong></span> <span class='ocrx_word' id='word_1_418' title='bbox 1095 3346 1157 3448; x_wconf 62' lang='lat' dir='ltr'><strong>oin,</strong></span> <span class='ocrx_word' id='word_1_419' title='bbox 1182 3368 1200 3407; x_wconf 87' lang='lat' dir='ltr'><strong>e</strong></span> 
     </span>
     <span class='ocr_line' id='line_1_40' title="bbox 87 3433 1200 3526; baseline -0.015 -19"><span class='ocrx_word' id='word_1_420' title='bbox 87 3469 224 3526; x_wconf 82' lang='lat' dir='ltr'><strong>quorum</strong></span> <span class='ocrx_word' id='word_1_421' title='bbox 245 3468 432 3512; x_wconf 68' lang='grc' dir='ltr'><strong><em>σκαιοῖσι.</em></strong></span> <span class='ocrx_word' id='word_1_422' title='bbox 454 3467 509 3519; x_wconf 88' lang='lat'><strong>11,</strong></span> <span class='ocrx_word' id='word_1_423' title='bbox 535 3464 583 3521; x_wconf 88' lang='grc'><strong>17.</strong></span> <span class='ocrx_word' id='word_1_424' title='bbox 606 3445 730 3510; x_wconf 71' lang='lat' dir='ltr'><strong>isaurus.</strong></span> <span class='ocrx_word' id='word_1_425' title='bbox 750 3443 784 3508; x_wconf 79' lang='grc' dir='ltr'><strong>ἓν</strong></span> <span class='ocrx_word' id='word_1_426' title='bbox 805 3439 908 3515; x_wconf 68' lang='lat' dir='ltr'><strong>atron</strong></span> <span class='ocrx_word' id='word_1_427' title='bbox 929 3433 1074 3523; x_wconf 73' lang='grc' dir='ltr'><strong>(κλαόοις)</strong></span> <span class='ocrx_word' id='word_1_428' title='bbox 1096 3453 1200 3493; x_wconf 88' lang='lat' dir='ltr'><strong>mser·-</strong></span> 
     </span>
     <span class='ocr_line' id='line_1_41' title="bbox 86 3523 1201 3604; baseline -0.014 -11"><span class='ocrx_word' id='word_1_429' title='bbox 86 3543 137 3593; x_wconf 79' lang='lat' dir='ltr'><strong>tus</strong></span> <span class='ocrx_word' id='word_1_430' title='bbox 160 3555 193 3593; x_wconf 88' lang='lat' dir='ltr'><strong>es</strong></span> <span class='ocrx_word' id='word_1_431' title='bbox 213 3536 297 3594; x_wconf 88' lang='lat' dir='ltr'><strong>inter</strong></span> <span class='ocrx_word' id='word_1_432' title='bbox 316 3555 427 3593; x_wconf 86' lang='lat' dir='ltr'><strong>ramos.</strong></span> <span class='ocrx_word' id='word_1_433' title='bbox 456 3531 555 3594; x_wconf 86' lang='lat' dir='ltr'><strong>tCor.</strong></span> <span class='ocrx_word' id='word_1_434' title='bbox 568 3531 597 3604; x_wconf 89' lang='grc'><strong>5,</strong></span> <span class='ocrx_word' id='word_1_435' title='bbox 625 3533 672 3591; x_wconf 86' lang='lat'><strong>18.</strong></span> <span class='ocrx_word' id='word_1_436' title='bbox 700 3533 759 3588; x_wconf 90' lang='lat' dir='ltr'><strong>lac.</strong></span> <span class='ocrx_word' id='word_1_437' title='bbox 776 3530 807 3597; x_wconf 88' lang='grc'><strong>4,</strong></span> <span class='ocrx_word' id='word_1_438' title='bbox 838 3545 864 3586; x_wconf 91' lang='grc'><strong>1.</strong></span> <span class='ocrx_word' id='word_1_439' title='bbox 894 3525 922 3599; x_wconf 83' lang='grc'><strong>5,</strong></span> <span class='ocrx_word' id='word_1_440' title='bbox 952 3523 1135 3597; x_wconf 87' lang='grc'><strong>15.14.19.</strong></span> <span class='ocrx_word' id='word_1_441' title='bbox 1160 3548 1201 3564; x_wconf 88' lang='lat'><strong>·-</strong></span> 
     </span>
     <span class='ocr_line' id='line_1_42' title="bbox 88 3605 1201 3706; baseline -0.017 -27"><span class='ocrx_word' id='word_1_442' title='bbox 88 3618 231 3700; x_wconf 77' lang='lat' dir='ltr'><strong>Saepius.</strong></span> <span class='ocrx_word' id='word_1_443' title='bbox 252 3620 349 3697; x_wconf 77' lang='lat' dir='ltr'>(Lxx</span> <span class='ocrx_word' id='word_1_444' title='bbox 370 3641 427 3699; x_wconf 90' lang='lat' dir='ltr'><strong>pro</strong></span> <span class='ocrx_word' id='word_1_445' title='bbox 447 3623 548 3706; x_wconf 64' lang='grc' dir='ltr'><strong>ἷῑῆτιῑ,</strong></span> <span class='ocrx_word' id='word_1_446' title='bbox 576 3615 655 3675; x_wconf 88' lang='lat' dir='ltr'><strong>Gen.</strong></span> <span class='ocrx_word' id='word_1_447' title='bbox 675 3618 733 3691; x_wconf 88' lang='grc'><strong>25,</strong></span> <span class='ocrx_word' id='word_1_448' title='bbox 754 3611 781 3672; x_wconf 88' lang='grc'><strong>6.</strong></span> <span class='ocrx_word' id='word_1_449' title='bbox 809 3611 907 3673; x_wconf 81' lang='lat' dir='ltr'><strong>Lavit.</strong></span> <span class='ocrx_word' id='word_1_450' title='bbox 929 3605 977 3681; x_wconf 89' lang='grc'><strong>16,</strong></span> <span class='ocrx_word' id='word_1_451' title='bbox 1001 3624 1052 3684; x_wconf 88' lang='grc'><strong>29.</strong></span> <span class='ocrx_word' id='word_1_452' title='bbox 1078 3606 1128 3679; x_wconf 88' lang='grc'><strong>26,</strong></span> <span class='ocrx_word' id='word_1_453' title='bbox 1154 3620 1201 3661; x_wconf 91' lang='grc'><strong>12.</strong></span> 
     </span>
     <span class='ocr_line' id='line_1_43' title="bbox 89 3683 1203 3790; baseline -0.019 -24"><span class='ocrx_word' id='word_1_454' title='bbox 89 3707 336 3779; x_wconf 62' lang='lat' dir='ltr'><strong>collucutio,</strong></span> <span class='ocrx_word' id='word_1_455' title='bbox 362 3725 392 3782; x_wconf 87' lang='grc'><strong>9.</strong></span> <span class='ocrx_word' id='word_1_456' title='bbox 421 3704 500 3773; x_wconf 74' lang='lat' dir='ltr'><strong>Tot).</strong></span> <span class='ocrx_word' id='word_1_457' title='bbox 515 3683 546 3781; x_wconf 85' lang='grc'><strong>5,</strong></span> <span class='ocrx_word' id='word_1_458' title='bbox 564 3701 593 3759; x_wconf 90' lang='grc'><strong>4.</strong></span> <span class='ocrx_word' id='word_1_459' title='bbox 625 3702 674 3775; x_wconf 90' lang='grc' dir='ltr'><strong>ι5,</strong></span> <span class='ocrx_word' id='word_1_460' title='bbox 699 3702 728 3758; x_wconf 83' lang='grc'><strong>5.</strong></span> <span class='ocrx_word' id='word_1_461' title='bbox 754 3698 825 3777; x_wconf 84' lang='lat' dir='ltr'><strong>Sap.</strong></span> <span class='ocrx_word' id='word_1_462' title='bbox 843 3699 871 3774; x_wconf 91' lang='lat'><strong>5,</strong></span> <span class='ocrx_word' id='word_1_463' title='bbox 897 3697 925 3757; x_wconf 88' lang='lat'><strong>5.</strong></span> <span class='ocrx_word' id='word_1_464' title='bbox 948 3694 1006 3752; x_wconf 85' lang='lat' dir='ltr'><strong>Sir.</strong></span> <span class='ocrx_word' id='word_1_465' title='bbox 1027 3709 1055 3767; x_wconf 93' lang='grc'><strong>7,</strong></span> <span class='ocrx_word' id='word_1_466' title='bbox 1081 3708 1136 3790; x_wconf 71' lang='grc' dir='ltr'><strong>17.ε</strong></span> <span class='ocrx_word' id='word_1_467' title='bbox 1151 3706 1203 3787; x_wconf 77' lang='grc'><strong>29,</strong></span> 
     </span>
     <span class='ocr_line' id='line_1_44' title="bbox 93 3774 1204 3875; baseline -0.015 -24"><span class='ocrx_word' id='word_1_468' title='bbox 93 3790 163 3872; x_wconf 87' lang='grc'><strong>16.)</strong></span> <span class='ocrx_word' id='word_1_469' title='bbox 180 3824 221 3837; x_wconf 85' lang='grc'><strong>--</strong></span> <span class='ocrx_word' id='word_1_470' title='bbox 243 3795 283 3875; x_wconf 80' lang='grc' dir='ltr'><strong>β)</strong></span> <span class='ocrx_word' id='word_1_471' title='bbox 304 3792 342 3850; x_wconf 87' lang='lat' dir='ltr'><strong>dc</strong></span> <span class='ocrx_word' id='word_1_472' title='bbox 362 3790 518 3871; x_wconf 88' lang='lat' dir='ltr'><strong>personis:</strong></span> <span class='ocrx_word' id='word_1_473' title='bbox 542 3806 655 3858; x_wconf 73' lang='lat' dir='ltr'><strong>coram</strong></span> <span class='ocrx_word' id='word_1_474' title='bbox 693 3786 765 3845; x_wconf 84' lang='lat' dir='ltr'><strong>Luc.</strong></span> <span class='ocrx_word' id='word_1_475' title='bbox 781 3786 811 3849; x_wconf 87' lang='grc'><strong>4,</strong></span> <span class='ocrx_word' id='word_1_476' title='bbox 831 3802 877 3842; x_wconf 86' lang='lat'><strong>11.</strong></span> <span class='ocrx_word' id='word_1_477' title='bbox 901 3781 933 3844; x_wconf 80' lang='grc' dir='ltr'><strong>ἐι</strong></span> <span class='ocrx_word' id='word_1_478' title='bbox 951 3776 1013 3848; x_wconf 73' lang='lat' dir='ltr'><strong>sdic</strong></span> <span class='ocrx_word' id='word_1_479' title='bbox 1032 3774 1103 3840; x_wconf 75' lang='lat' dir='ltr'><strong>uicit</strong></span> <span class='ocrx_word' id='word_1_480' title='bbox 1121 3797 1204 3855; x_wconf 85' lang='grc' dir='ltr'>υμων</span> 
     </span>
     <span class='ocr_line' id='line_1_45' title="bbox 90 3830 1204 3959; baseline -0.015 -22"><span class='ocrx_word' id='word_1_481' title='bbox 90 3899 129 3937; x_wconf 89' lang='lat' dir='ltr'><strong>ex</strong></span> <span class='ocrx_word' id='word_1_482' title='bbox 162 3878 338 3945; x_wconf 81' lang='lat' dir='ltr'><strong>hebraismo</strong></span> <span class='ocrx_word' id='word_1_483' title='bbox 367 3897 421 3954; x_wconf 89' lang='lat' dir='ltr'><strong>pro</strong></span> <span class='ocrx_word' id='word_1_484' title='bbox 446 3875 479 3937; x_wconf 77' lang='grc' dir='ltr'><strong>ἐκ</strong></span> <span class='ocrx_word' id='word_1_485' title='bbox 507 3869 592 3956; x_wconf 75' lang='grc' dir='ltr'><strong>ὑμῖν,</strong></span> <span class='ocrx_word' id='word_1_486' title='bbox 625 3830 712 3932; x_wconf 82' lang='lat' dir='ltr'><strong>vohis</strong></span> <span class='ocrx_word' id='word_1_487' title='bbox 732 3868 938 3929; x_wconf 86' lang='lat' dir='ltr'><strong>audientibus.</strong></span> <span class='ocrx_word' id='word_1_488' title='bbox 968 3863 1075 3959; x_wconf 71' lang='lat' dir='ltr'><strong>(Dent.</strong></span> <span class='ocrx_word' id='word_1_489' title='bbox 1101 3859 1137 3934; x_wconf 91' lang='lat'><strong>5,</strong></span> <span class='ocrx_word' id='word_1_490' title='bbox 1161 3857 1204 3956; x_wconf 76' lang='lat'><strong>1.)</strong></span> 
     </span>
     <span class='ocr_line' id='line_1_46' title="bbox 91 3943 1269 4045; baseline -0.02 -21"><span class='ocrx_word' id='word_1_491' title='bbox 91 3963 187 4024; x_wconf 82' lang='lat' dir='ltr'><strong>blare.</strong></span> <span class='ocrx_word' id='word_1_492' title='bbox 205 3967 241 4038; x_wconf 91' lang='lat'><strong>8,</strong></span> <span class='ocrx_word' id='word_1_493' title='bbox 261 3963 311 4021; x_wconf 90' lang='grc'><strong>58.</strong></span> <span class='ocrx_word' id='word_1_494' title='bbox 333 3963 366 4026; x_wconf 79' lang='grc' dir='ltr'><strong>ἐν</strong></span> <span class='ocrx_word' id='word_1_495' title='bbox 382 3961 418 4034; x_wconf 69' lang='grc' dir='ltr'><strong>τῆ</strong></span> <span class='ocrx_word' id='word_1_496' title='bbox 439 3962 526 4045; x_wconf 61' lang='lat' dir='ltr'><strong>ysaac]</strong></span> <span class='ocrx_word' id='word_1_497' title='bbox 546 3953 666 4034; x_wconf 59' lang='lat' dir='ltr'><strong>ausim&gt;</strong></span> <span class='ocrx_word' id='word_1_498' title='bbox 686 3977 790 4017; x_wconf 87' lang='lat' dir='ltr'><strong>coram</strong></span> <span class='ocrx_word' id='word_1_499' title='bbox 813 3953 992 4014; x_wconf 85' lang='lat' dir='ltr'><strong>hominibus</strong></span> <span class='ocrx_word' id='word_1_500' title='bbox 1015 3943 1105 4005; x_wconf 78' lang='lat' dir='ltr'><strong>husus</strong></span> <span class='ocrx_word' id='word_1_501' title='bbox 1126 3964 1206 4043; x_wconf 78' lang='lat' dir='ltr'><strong>aeva.</strong></span> <span class='ocrx_word' id='word_1_502' title='bbox 1266 4010 1269 4014; x_wconf 21' lang='lat'><strong><em>¹</em></strong></span> 
     </span>
     <span class='ocr_line' id='line_1_47' title="bbox 87 4030 1207 4132; baseline -0.023 -21"><span class='ocrx_word' id='word_1_503' title='bbox 87 4051 167 4111; x_wconf 81' lang='lat' dir='ltr'><strong>Luc.</strong></span> <span class='ocrx_word' id='word_1_504' title='bbox 187 4057 223 4121; x_wconf 79' lang='grc' dir='ltr'><strong>ι’,</strong></span> <span class='ocrx_word' id='word_1_505' title='bbox 245 4048 297 4108; x_wconf 86' lang='grc'><strong>25.</strong></span> <span class='ocrx_word' id='word_1_506' title='bbox 325 4049 359 4110; x_wconf 78' lang='grc' dir='ltr'><strong>ἐκ</strong></span> <span class='ocrx_word' id='word_1_507' title='bbox 381 4031 566 4126; x_wconf 68' lang='grc' dir='ltr'><strong>ἆίιθραίποις.</strong></span> <span class='ocrx_word' id='word_1_508' title='bbox 596 4030 641 4103; x_wconf 74' lang='lat' dir='ltr'><strong>lo‘.</strong></span> <span class='ocrx_word' id='word_1_509' title='bbox 665 4061 721 4118; x_wconf 87' lang='grc' dir='ltr'><strong>ιι,</strong></span> <span class='ocrx_word' id='word_1_510' title='bbox 758 4060 807 4103; x_wconf 90' lang='grc' dir='ltr'><strong>ιο.</strong></span> <span class='ocrx_word' id='word_1_511' title='bbox 834 4041 866 4103; x_wconf 81' lang='grc' dir='ltr'><strong>ἐν</strong></span> <span class='ocrx_word' id='word_1_512' title='bbox 887 4034 969 4116; x_wconf 78' lang='grc' dir='ltr'><strong><em>αὐτῷ</em></strong></span> <span class='ocrx_word' id='word_1_513' title='bbox 977 4077 986 4109; x_wconf 93' lang='grc'><strong>,</strong></span> <span class='ocrx_word' id='word_1_514' title='bbox 1015 4052 1120 4132; x_wconf 74' lang='grc' dir='ltr'><strong><em>σρτιια</em></strong></span> <span class='ocrx_word' id='word_1_515' title='bbox 1139 4030 1207 4103; x_wconf 78' lang='lat'><strong>1110,</strong></span> 
     </span>
     <span class='ocr_line' id='line_1_48' title="bbox 85 4115 1206 4204; baseline -0.022 -7"><span class='ocrx_word' id='word_1_516' title='bbox 85 4138 105 4197; x_wconf 91' lang='lat' dir='ltr'><strong>i.</strong></span> <span class='ocrx_word' id='word_1_517' title='bbox 122 4157 153 4196; x_wconf 83' lang='lat' dir='ltr'><strong>e.</strong></span> <span class='ocrx_word' id='word_1_518' title='bbox 175 4130 261 4195; x_wconf 89' lang='lat' dir='ltr'><strong>viam</strong></span> <span class='ocrx_word' id='word_1_519' title='bbox 284 4134 349 4192; x_wconf 86' lang='lat' dir='ltr'><strong>eius</strong></span> <span class='ocrx_word' id='word_1_520' title='bbox 372 4120 566 4190; x_wconf 82' lang='lat' dir='ltr'><strong>collustrans.</strong></span> <span class='ocrx_word' id='word_1_521' title='bbox 588 4128 802 4204; x_wconf 74' lang='lat' dir='ltr'><strong>ocor.10,1.</strong></span> <span class='ocrx_word' id='word_1_522' title='bbox 824 4118 964 4192; x_wconf 79' lang='grc' dir='ltr'><strong><em>ταπεινὸς</em></strong></span> <span class='ocrx_word' id='word_1_523' title='bbox 984 4118 1015 4180; x_wconf 81' lang='grc' dir='ltr'><strong>ἓν</strong></span> <span class='ocrx_word' id='word_1_524' title='bbox 1034 4126 1116 4198; x_wconf 76' lang='grc' dir='ltr'><strong>υμῖν.</strong></span> <span class='ocrx_word' id='word_1_525' title='bbox 1143 4115 1206 4173; x_wconf 88' lang='lat' dir='ltr'><strong>Col.</strong></span> 
     </span>
     <span class='ocr_line' id='line_1_49' title="bbox 89 4198 1261 4299; baseline -0.025 -15"><span class='ocrx_word' id='word_1_526' title='bbox 89 4245 116 4299; x_wconf 93' lang='grc' dir='ltr'><strong>ι,</strong></span> <span class='ocrx_word' id='word_1_527' title='bbox 143 4221 198 4282; x_wconf 87' lang='grc'><strong>25.</strong></span> <span class='ocrx_word' id='word_1_528' title='bbox 221 4253 262 4264; x_wconf 94' lang='grc'>-</span> <span class='ocrx_word' id='word_1_529' title='bbox 286 4229 315 4278; x_wconf 91' lang='lat' dir='ltr'><strong>et</strong></span> <span class='ocrx_word' id='word_1_530' title='bbox 338 4239 378 4279; x_wconf 83' lang='lat' dir='ltr'><strong>ex</strong></span> <span class='ocrx_word' id='word_1_531' title='bbox 401 4217 575 4283; x_wconf 79' lang='lat' dir='ltr'><strong>hebraismo</strong></span> <span class='ocrx_word' id='word_1_532' title='bbox 597 4216 735 4295; x_wconf 87' lang='lat' dir='ltr'><strong>tropice:</strong></span> <span class='ocrx_word' id='word_1_533' title='bbox 767 4207 890 4272; x_wconf 84' lang='lat' dir='ltr'><strong>iudicio</strong></span> <span class='ocrx_word' id='word_1_534' title='bbox 915 4204 1071 4277; x_wconf 74' lang='lat' dir='ltr'><strong>alicuius,</strong></span> <span class='ocrx_word' id='word_1_535' title='bbox 1100 4198 1209 4260; x_wconf 79' lang='lat' dir='ltr'><strong>iudico</strong></span> <span class='ocrx_word' id='word_1_536' title='bbox 1258 4292 1261 4298; x_wconf 25' lang='grc' dir='ltr'>Ι</span> 
     </span>
    </p>
   </div>
   <div class='ocr_carea' id='block_1_7' title="bbox 0 0 1349 4786">
    <p class='ocr_par' dir='ltr' id='par_1_20' title="bbox 0 0 1349 4786">
     <span class='ocr_line' id='line_1_50' title="bbox 0 0 1349 4786; baseline 0 0"><span class='ocrx_word' id='word_1_537' title='bbox 0 0 1349 4786; x_wconf 95' lang='lat' dir='ltr'><strong> </strong></span> 
     </span>
    </p>
   </div>
  </div>
 </body>
</html>
