2654 4786
134 125 195 207 >1ss
601 104 813 199 inseruero

147 310 217 413 qni
239 311 358 412 legere
383 308 497 408 cupit,
521 306 642 385 videat
666 310 782 386 libros
800 312 1148 406 Grammaticorum,
1174 314 1281 387 Mat·
1317 324 1321 331 ’

69 430 71 441 ’
146 443 267 531 idme,
291 439 537 527 Buttmauni,
566 436 690 512 Raetii
694 494 710 531 ,
741 444 905 519 Wineri.

186 622 195 639 .
251 566 366 656 Quod
390 567 516 642 attinet
530 564 591 639 ad
621 569 731 643 verb'a
758 569 990 668 irregularia
1022 591 1059 644 et
1087 571 1282 664 defectiva,

152 720 193 771 ea
209 714 357 770 tantum
387 687 554 794 tempora
580 680 716 794 easque
738 697 873 779 formas
896 694 1089 798 adscripsi,
1125 724 1216 799 quae
1243 698 1282 770 in

26 919 32 927 Ι
57 865 73 874 -
149 819 199 897 Ν.
226 821 273 902 T.
303 822 521 917 habentur,·'
536 824 797 923 praetermittit
821 824 1003 924 reliquis,
1021 825 1071 904 ita
1098 845 1141 902 nt
1165 828 1281 900 lector

150 947 273 1025 statim
297 951 438 1048 rideat,
477 978 569 1052 quae
594 952 697 1028 verbi
720 954 838 1029 forma
864 953 902 1027 in
932 954 1064 1028 nostris
1094 953 1280 1054 scriptori·

136 1079 220 1152 bus
244 1079 403 1180 legatur,
443 1105 607 1181 quaeque
638 1109 735 1178 uon,
769 1082 836 1155 ubi
866 1081 976 1184 simul
999 1081 1148 1178 monui,
1185 1108 1278 1181 quae

136 1184 289 1285 'formae
314 1208 354 1281 in
380 1207 551 1307 antiquis.
566 1229 603 1283 et
625 1210 728 1311 ¹puris
753 1209 991 1311 scriptoribus
1015 1208 1098 1284 non⁴
1120 1209 1279 1291 habean-

138 1355 226 1430 tur,
262 1333 327 1410 sed
353 1334 549 1411 serioribut
577 1356 721 1411 tantum
736 1337 819 1425 ¹nint
842 1336 1047 1412 familiares.
1071 1330 1073 1334 ’
1187 1424 1190 1428 ¹

249 1462 383 1566 Neque
405 1465 543 1564 oblitus
563 1492 645 1540 sum
666 1463 839 1559 iudicare,
865 1491 957 1565 qnae
981 1446 1098 1540 rerba
1113 1488 1279 1541 naturam

21 1628 31 1655 ··
134 1593 408 1689 'deponentium
427 1593 594 1668 habeant.
645 1593 771 1682 Quum
791 1613 912 1666 autem
936 1591 1200 1693 deponentium
1218 1622 1281 1668 na·

148 1710 237 1799 tura
249 1734 367 1822 nupe'r
387 1719 537 1796 demum
558 1719 759 1797 accuratius
775 1719 823 1794 sit
843 1719 1029 1818 exquisita,
1058 1721 1280 1817 factumest,

149 1868 212 1941 nt,
244 1846 422 1948 quaedam
451 1851 559 1925 verba
591 1877 667 1924 esse
699 1847 941 1949 deponentia,
974 1825 1012 1919 ιιι
1037 1848 1155 1947 primo
1177 1850 1282 1925 voln-

149 1976 249 2051 niine
282 2005 356 2052 non
387 1975 664 2054 adscriberetur.
714 1976 851 2052 Adieci
878 1997 1152 2067 antemnarum
1181 1976 1282 2051 indi·

106 2116 229 2179 'weem
251 2104 290 2177 in
313 2087 579 2206 supplemenio.
664 2106 681 2143 ³
794 2157 797 2165 ι

162 2216 164 2221 ⁴
253 2232 408 2334 Signum
431 2235 470 2331 *,
498 2237 564 2310 ubi
588 2235 627 2308 in
652 2235 726 2310 fine
754 2235 856 2310 vocis
882 2233 1048 2308 additum
1072 2255 1153 2329 est,
1176 2255 1284 2309 testa·

34 2378 39 2401 ¹
136 2379 230 2456 tur,
269 2360 356 2436 novi
385 2362 487 2437 Test.
515 2365 636 2459 locos,
675 2385 713 2438 et
734 2361 881 2463 duplex
901 2365 965 2457 **,
1003 2362 1132 2435 simul
1143 2360 1284 2438 codicis

150 2489 339 2589 graeciV.
363 2490 463 2567 Test
489 2492 658 2582 locor,
647 2522 687 2567 tn
712 2491 863 2592 quibus
867 2516 937 2567 vox
958 2490 1023 2566 itta
1043 2491 1226 2623 legatur,
1223 2491 1284 2566 ad

126 2637 133 2667 ³
149 2643 264 2694 unum
283 2644 408 2694 omues
430 2619 634 2721 adscriptos
654 2646 765 2695 esse.
845 2654 848 2660 ·
915 2670 918 2674 -

254 2745 313 2822 Na
339 2770 475 2822 antem·
471 2749 639 2823 ¹lectores
665 2746 823 2821 dubii
794 2771 889 2842 sant,
923 2749 1050 2848 quales
1078 2740 1172 2821 mihi
1195 2746 1283 2820 scri·

151 2874 288 2975 prerim
307 2877 404 2976 leges
424 2877 462 2951 in
476 2870 775 2976 interpretatione
790 2875 839 2949 N.
858 2876 903 2952 T.
927 2875 1170 2974 grammatica,
1189 2900 1281 2975 qnae

154 3001 320 3099 dicitnr,
345 3027 382 3081 et
410 3031 485 3103 quo
509 3002 623 3081 modo
644 3003 767 3079 libris.
783 3005 1021 3113 profanorum
1046 3004 1085 3077 in
1107 3003 1283 3103 interpre-

40 3130 50 3193 ss
102 3206 106 3213 ,
152 3132 273 3207 tandit
297 3132 403 3205 libris
424 3131 481 3205 N.
492 3131 537 3207 T.
559 3131 670 3207 saone
695 3131 876 3207 utendum
900 3158 978 3206 esse
1002 3132 1215 3232 putaverim,
1243 3133 1287 3207 li

104 3270 119 3341 ³,
151 3275 252 3355 cent,
277 3260 462 3360 hocloco
476 3268 596 3336 meam
619 3260 914 3385 qualemcunque
936 3261 1150 3335 sententiam
1171 3286 1213 3333 ca
1239 3261 1286 3335 de

100 3416 108 3433 ’
155 3416 196 3466 re
214 3388 339 3489 paucis
361 3414 554 3488 exponere.

254 3514 389 3616 Negoti
407 3543 482 3589 non
503 3537 667 3620 potest,
663 3516 798 3590 multet
816 3512 865 3591 N.
883 3512 965 3586 Τ.
953 3535 1170 3616 interpretes
1192 3516 1287 3587 mula

104 3678 109 3687 ¹
141 3660 231 3729 ‘turn
253 3659 422 3745 peccasse
443 3643 482 3716 in
505 3642 722 3720 enarrandis
738 3641 846 3747 libris
866 3641 916 3717 N.
936 3640 1006 3738 T.‚
1024 3644 1162 3717 studio.
1180 3670 1288 3740 quae-

152 3771 352 3858 rendorum
375 3771 686 3865 hebraismorum,
722 3770 787 3870 qui
812 3770 1017 3865 dicuntur,
1032 3770 1140 3845 nimis
1163 3767 1289 3842 indul·

142 3901 260 3995 ¹ariste,
284 3901 324 3984 in
350 3889 632 4002 interpretandis.
657 3896 807 3999 singulis
828 3899 947 3977 verbis
955 3897 1161 4000 ,inprimis
1185 3925 1291 3996 prae·¹

37 4036 40 4041 ’
151 4031 409 4132 positionibus,
435 4026 769 4120 coniunctionibus,
792 4027 1004 4128 particulis,¹
1019 4029 1115 4126 leges
1133 4055 1287 4126 ‘graecae

148 4158 296 4258 ¹linguae
322 4159 511 4258 migrasse,
532 4154 826 4255 'significationes
857 4176 993 4230 temere
1017 4156 1213 4250 effinxisse,
1253 4179 1291 4233 et
